[{"amount":"0.063","date":1426926845,"date_ms":1426926845000,"price":"255.79","tid":5806462,"type":"sell"},{"amount":"0.129","date":1426926853,"date_ms":1426926853000,"price":"255.92","tid":5806479,"type":"sell"},{"amount":"1.351","date":1426926854,"date_ms":1426926854000,"price":"255.92","tid":5806483,"type":"sell"},{"amount":"0.038","date":1426926860,"date_ms":1426926860000,"price":"255.79","tid":5806498,"type":"sell"},{"amount":"1.27","date":1426926871,"date_ms":1426926871000,"price":"255.63","tid":5806520,"type":"buy"},{"amount":"0.67","date":1426926889,"date_ms":1426926889000,"price":"255.78","tid":5806558,"type":"sell"},{"amount":"0.063","date":1426926906,"date_ms":1426926906000,"price":"255.83","tid":5806592,"type":"sell"},{"amount":"0.047","date":1426926910,"date_ms":1426926910000,"price":"255.83","tid":5806601,"type":"sell"},{"amount":"0.23","date":1426926924,"date_ms":1426926924000,"price":"255.80","tid":5806634,"type":"sell"},{"amount":"0.18","date":1426926940,"date_ms":1426926940000,"price":"255.79","tid":5806650,"type":"sell"},{"amount":"0.79","date":1426926955,"date_ms":1426926955000,"price":"255.67","tid":5806690,"type":"buy"},{"amount":"0.17","date":1426926965,"date_ms":1426926965000,"price":"255.63","tid":5806704,"type":"sell"},{"amount":"0.063","date":1426926970,"date_ms":1426926970000,"price":"255.58","tid":5806719,"type":"sell"},{"amount":"1.32","date":1426926987,"date_ms":1426926987000,"price":"255.64","tid":5806765,"type":"buy"},{"amount":"0.063","date":1426926991,"date_ms":1426926991000,"price":"255.52","tid":5806775,"type":"sell"},{"amount":"1.45","date":1426927005,"date_ms":1426927005000,"price":"255.64","tid":5806805,"type":"buy"},{"amount":"0.15","date":1426927015,"date_ms":1426927015000,"price":"255.64","tid":5806830,"type":"buy"},{"amount":"0.54","date":1426927034,"date_ms":1426927034000,"price":"255.65","tid":5806857,"type":"sell"},{"amount":"1.14","date":1426927043,"date_ms":1426927043000,"price":"255.64","tid":5806867,"type":"sell"},{"amount":"1.28","date":1426927064,"date_ms":1426927064000,"price":"255.67","tid":5806909,"type":"buy"},{"amount":"1.1","date":1426927086,"date_ms":1426927086000,"price":"255.63","tid":5806959,"type":"buy"},{"amount":"0.31","date":1426927086,"date_ms":1426927086000,"price":"255.64","tid":5806961,"type":"buy"},{"amount":"0.58","date":1426927099,"date_ms":1426927099000,"price":"255.66","tid":5806989,"type":"sell"},{"amount":"1.4","date":1426927113,"date_ms":1426927113000,"price":"255.75","tid":5807036,"type":"buy"},{"amount":"1.7","date":1426927130,"date_ms":1426927130000,"price":"255.88","tid":5807072,"type":"sell"},{"amount":"0.657","date":1426927148,"date_ms":1426927148000,"price":"255.97","tid":5807112,"type":"sell"},{"amount":"0.725","date":1426927149,"date_ms":1426927149000,"price":"255.97","tid":5807116,"type":"sell"},{"amount":"1.1","date":1426927150,"date_ms":1426927150000,"price":"255.98","tid":5807121,"type":"sell"},{"amount":"0.298","date":1426927150,"date_ms":1426927150000,"price":"255.97","tid":5807123,"type":"sell"},{"amount":"1.1","date":1426927172,"date_ms":1426927172000,"price":"255.66","tid":5807170,"type":"buy"},{"amount":"0.15","date":1426927172,"date_ms":1426927172000,"price":"255.67","tid":5807172,"type":"buy"},{"amount":"0.27","date":1426927181,"date_ms":1426927181000,"price":"255.64","tid":5807185,"type":"sell"},{"amount":"0.33","date":1426927197,"date_ms":1426927197000,"price":"255.73","tid":5807212,"type":"buy"},{"amount":"0.41","date":1426927211,"date_ms":1426927211000,"price":"255.69","tid":5807247,"type":"buy"},{"amount":"1.05","date":1426927224,"date_ms":1426927224000,"price":"255.68","tid":5807260,"type":"sell"},{"amount":"0.22","date":1426927241,"date_ms":1426927241000,"price":"255.67","tid":5807298,"type":"sell"},{"amount":"1.1","date":1426927241,"date_ms":1426927241000,"price":"255.67","tid":5807300,"type":"sell"},{"amount":"0.19","date":1426927241,"date_ms":1426927241000,"price":"255.66","tid":5807302,"type":"sell"},{"amount":"0.34","date":1426927254,"date_ms":1426927254000,"price":"255.64","tid":5807324,"type":"sell"},{"amount":"1.38","date":1426927273,"date_ms":1426927273000,"price":"255.61","tid":5807361,"type":"buy"},{"amount":"0.41","date":1426927289,"date_ms":1426927289000,"price":"255.57","tid":5807385,"type":"sell"},{"amount":"1.1","date":1426927309,"date_ms":1426927309000,"price":"255.55","tid":5807418,"type":"buy"},{"amount":"0.62","date":1426927309,"date_ms":1426927309000,"price":"255.56","tid":5807420,"type":"buy"},{"amount":"0.39","date":1426927320,"date_ms":1426927320000,"price":"255.51","tid":5807440,"type":"sell"},{"amount":"0.47","date":1426927335,"date_ms":1426927335000,"price":"255.54","tid":5807464,"type":"sell"},{"amount":"0.01","date":1426927353,"date_ms":1426927353000,"price":"255.55","tid":5807483,"type":"sell"},{"amount":"0.91","date":1426927372,"date_ms":1426927372000,"price":"255.54","tid":5807519,"type":"sell"},{"amount":"0.24","date":1426927394,"date_ms":1426927394000,"price":"255.50","tid":5807554,"type":"buy"},{"amount":"1.14","date":1426927394,"date_ms":1426927394000,"price":"255.51","tid":5807556,"type":"buy"},{"amount":"1.56","date":1426927409,"date_ms":1426927409000,"price":"255.45","tid":5807574,"type":"buy"},{"amount":"1.47","date":1426927426,"date_ms":1426927426000,"price":"255.49","tid":5807609,"type":"sell"},{"amount":"1.5","date":1426927440,"date_ms":1426927440000,"price":"255.51","tid":5807621,"type":"buy"},{"amount":"0.18","date":1426927455,"date_ms":1426927455000,"price":"255.48","tid":5807649,"type":"buy"},{"amount":"0.95","date":1426927475,"date_ms":1426927475000,"price":"255.51","tid":5807660,"type":"sell"},{"amount":"0.73","date":1426927492,"date_ms":1426927492000,"price":"255.44","tid":5807685,"type":"sell"},{"amount":"0.08","date":1426927510,"date_ms":1426927510000,"price":"255.41","tid":5807697,"type":"sell"},{"amount":"0.75","date":1426927526,"date_ms":1426927526000,"price":"255.46","tid":5807718,"type":"sell"},{"amount":"0.64","date":1426927544,"date_ms":1426927544000,"price":"255.45","tid":5807739,"type":"buy"},{"amount":"1.46","date":1426927560,"date_ms":1426927560000,"price":"255.42","tid":5807767,"type":"buy"},{"amount":"0.16","date":1426927577,"date_ms":1426927577000,"price":"255.42","tid":5807788,"type":"sell"}]