,amount,date,price,tid
0,0.61468719,1426866191,262.52,7784520
1,0.16986338,1426866123,262.52,7784519
2,0.27400000,1426866086,262.52,7784518
3,0.62658083,1426866061,262.52,7784517
4,0.46060615,1426866048,262.34,7784512
5,1.93160282,1426866007,262.34,7784505
6,0.03419989,1426866007,262.35,7784504
7,0.03419729,1426866007,262.37,7784503
8,0.07300000,1426866007,262.52,7784502
9,0.42420000,1426865948,262.52,7784501
10,0.18300000,1426865908,262.52,7784500
11,0.49871901,1426865850,262.34,7784499
12,0.05700999,1426865850,262.35,7784498
13,0.20101000,1426865840,262.52,7784497
14,0.02860000,1426865815,262.52,7784496
15,0.17505860,1426865805,262.52,7784495
16,6.02641449,1426865706,262.33,7784483
17,3.70674818,1426865706,262.34,7784482
18,0.50000000,1426865596,262.68,7784481
19,0.06000000,1426865522,262.68,7784480
20,0.29011802,1426865517,262.68,7784479
21,0.09501010,1426865499,262.34,7784478
22,0.29504206,1426865499,262.45,7784477
23,1.13415052,1426865489,262.69,7784476
24,0.00066366,1426865468,262.45,7784475
25,0.83695295,1426865467,262.54,7784474
26,2.00000000,1426865467,262.55,7784473
27,0.73000000,1426865411,262.70,7784469
28,0.01920000,1426865382,262.52,7784468
29,9.73353652,1426865344,262.46,7784467
30,0.92568802,1426865194,262.46,7784466
31,2.48700000,1426865150,262.46,7784463
32,0.07390182,1426865120,262.46,7784461
33,0.02382546,1426865120,262.46,7784460
34,0.11723934,1426865109,262.46,7784459
35,0.12316970,1426865103,262.45,7784458
36,0.28647700,1426864861,262.22,7784457
37,0.41026619,1426864840,262.22,7784450
38,1.97306546,1426864800,261.59,7784449
39,0.02693454,1426864800,261.83,7784448
40,0.92568802,1426864710,261.28,7784447
41,4.00100000,1426864709,261.30,7784446
42,1.49586773,1426864709,261.32,7784445
43,3.99946924,1426864709,261.35,7784444
44,0.45047630,1426864709,261.39,7784443
45,5.00000000,1426864709,261.42,7784442
46,4.22000000,1426864708,261.50,7784441
47,0.01920000,1426864708,261.50,7784440
48,3.84105844,1426864708,261.50,7784439
49,0.13486807,1426864708,261.51,7784438
50,0.20133968,1426864708,261.66,7784437
51,0.72611000,1426864708,261.67,7784436
52,0.05000000,1426864708,261.68,7784435
53,0.25900000,1426864708,261.81,7784434
54,5.13784805,1426864707,261.81,7784433
55,0.85081000,1426864707,261.84,7784432
56,0.02868000,1426864707,261.88,7784431
57,10.50000000,1426864707,261.91,7784430
58,0.13465694,1426864707,261.92,7784429
59,0.83865207,1426864706,262.31,7784428
60,15.18527546,1426864705,262.31,7784427
61,0.01980000,1426864700,262.66,7784426
62,0.02861000,1426864689,262.66,7784425
63,0.01980000,1426864685,262.66,7784424
64,0.01980000,1426864680,262.66,7784423
65,0.19800000,1426864655,262.66,7784422
66,0.39700000,1426864650,262.67,7784421
67,0.39700000,1426864645,262.67,7784420
68,0.79400000,1426864640,262.67,7784419
69,0.39700000,1426864635,262.67,7784418
70,1.27995440,1426864631,262.67,7784417
71,0.39700000,1426864620,262.66,7784416
72,0.39700000,1426864615,262.66,7784415
73,0.39700000,1426864610,262.66,7784414
74,0.39700000,1426864605,262.66,7784413
75,0.39700000,1426864600,262.67,7784412
76,0.21479000,1426864595,262.69,7784411
77,0.18221000,1426864595,262.68,7784410
78,0.39700000,1426864590,262.68,7784409
79,0.39700000,1426864585,262.68,7784408
80,0.39700000,1426864580,262.68,7784407
81,0.39700000,1426864575,262.68,7784406
82,0.39700000,1426864570,262.69,7784405
83,0.39700000,1426864560,262.69,7784404
84,0.39700000,1426864555,262.69,7784403
85,0.39700000,1426864550,262.69,7784402
86,0.39700000,1426864545,262.69,7784401
87,0.60569493,1426864510,262.69,7784400
88,0.04948799,1426864497,262.69,7784399
89,0.27654962,1426864434,262.69,7784398
90,0.83752094,1426864434,262.68,7784397
91,0.02292944,1426864434,262.67,7784396
92,0.01992056,1426864406,262.70,7784395
93,0.02292944,1426864406,262.69,7784394
94,0.20146394,1426864400,262.12,7784393
95,0.83860534,1426864400,262.13,7784392
96,0.36401895,1426864303,262.64,7784391
97,0.63598105,1426864303,262.62,7784390
98,0.25535281,1426864261,262.70,7784389
99,0.11464719,1426864261,262.69,7784388
100,0.20103006,1426864246,262.63,7784378
101,0.11464719,1426864246,262.62,7784377
102,0.05332275,1426864246,262.31,7784376
103,4.93453117,1426864209,261.93,7784371
104,0.04046883,1426864209,261.94,7784370
105,0.05851124,1426864189,262.39,7784369
106,1.03715495,1426864178,261.90,7784368
107,1.54633000,1426864178,261.91,7784367
108,0.07578176,1426864178,261.92,7784366
109,0.01943329,1426864178,262.31,7784365
110,0.05623579,1426864178,262.31,7784364
111,0.83852421,1426864178,262.37,7784363
112,0.47356781,1426864136,262.87,7784362
113,0.06313219,1426864136,262.85,7784361
114,0.20130000,1426864136,262.52,7784360
115,0.36900000,1426864126,262.52,7784359
116,1.08186011,1426864121,262.88,7784358
117,0.83697927,1426864121,262.85,7784357
118,1.76914000,1426864121,262.84,7784356
119,0.06570000,1426864115,262.67,7784355
120,0.36400000,1426864050,262.79,7784354
121,5.24750792,1426864021,261.91,7784353
122,2.88200000,1426864020,262.10,7784352
123,2.32800000,1426864020,262.12,7784351
124,1.54509000,1426864020,262.12,7784350
125,3.49400000,1426864020,262.30,7784349
126,0.12611514,1426864020,262.30,7784348
127,2.89400000,1426864020,262.50,7784347
128,9.48328694,1426864018,262.86,7784346
129,0.10000000,1426864015,262.86,7784345
130,0.29880553,1426864007,262.88,7784344
131,0.02499000,1426864007,262.80,7784343
132,0.10000000,1426864005,262.78,7784342
133,1.00000000,1426864005,262.78,7784341
134,0.05605139,1426863994,262.63,7784340
135,0.14100000,1426863994,262.60,7784339
136,0.10000000,1426863988,262.59,7784338
137,0.74815000,1426863980,262.58,7784337
138,1.75185000,1426863980,262.58,7784336
139,1.00000000,1426863969,262.53,7784335
140,0.10000000,1426863951,262.50,7784331
141,1.87990000,1426863909,262.41,7784329
142,0.10000000,1426863905,262.40,7784328
143,1.00000000,1426863904,262.39,7784327
144,0.10000000,1426863880,262.28,7784326
145,0.01900000,1426863877,262.10,7784325
146,0.10000000,1426863877,262.26,7784324
147,0.10000000,1426863876,262.08,7784323
148,0.02000000,1426863876,262.05,7784322
149,0.02000000,1426863876,262.00,7784321
150,0.50000000,1426863875,262.00,7784320
151,1.00000000,1426863875,262.00,7784319
152,0.01938000,1426863875,262.00,7784318
153,0.10000000,1426863875,261.97,7784317
154,0.54766306,1426863866,261.88,7784316
155,9.00000000,1426863860,261.88,7784315
156,0.35233694,1426863832,261.88,7784314
157,0.10000000,1426863831,261.88,7784313
158,0.63937964,1426863830,261.85,7784312
159,0.78891000,1426863826,261.85,7784311
160,2.00000000,1426863803,261.85,7784310
161,5.97509934,1426863799,261.85,7784309
162,0.02114356,1426863780,261.83,7784308
163,0.00375710,1426863779,261.83,7784307
164,0.03148217,1426863779,261.83,7784306
165,2.92258631,1426863777,261.84,7784305
166,1.49458339,1426863759,261.84,7784304
167,0.10000000,1426863758,261.84,7784303
168,0.18130661,1426863758,261.84,7784302
169,0.28033661,1426863703,261.83,7784301
170,2.00000000,1426863700,261.83,7784300
171,2.00000000,1426863694,261.83,7784299
172,2.00000000,1426863690,261.83,7784298
173,2.00000000,1426863685,261.83,7784297
174,1.77596000,1426863683,261.83,7784296
175,0.02000000,1426863681,261.83,7784295
176,2.00000000,1426863681,261.83,7784294
177,1.39208000,1426863677,261.84,7784293
178,0.60629661,1426863658,261.83,7784291
179,1.37000000,1426863612,261.83,7784289
180,2.00000000,1426863608,261.83,7784288
181,2.00000000,1426863604,261.83,7784287
182,2.00000000,1426863599,261.83,7784286
183,2.00000000,1426863595,261.83,7784285
184,2.00000000,1426863590,261.83,7784284
185,2.06608055,1426863578,261.83,7784282
186,2.00000000,1426863551,261.83,7784278
187,2.00000000,1426863547,261.83,7784276
188,2.00000000,1426863513,261.83,7784271
189,0.05090000,1426863457,261.84,7784266
190,0.22000000,1426863453,261.84,7784265
191,0.34331800,1426863420,261.84,7784247
192,2.93700000,1426863402,261.81,7784238
193,1.98000000,1426863388,261.81,7784237
194,0.02000000,1426863388,261.82,7784236
195,2.00000000,1426863371,261.81,7784235
196,0.00033000,1426863336,261.85,7784225
197,0.02000000,1426863336,261.84,7784224
198,0.18000000,1426863291,261.81,7784223
199,0.20000000,1426863235,261.81,7784222
200,1.59590000,1426863186,261.85,7784221
201,0.10823470,1426863128,261.83,7784220
202,0.33068265,1426863128,261.82,7784219
203,0.33068265,1426863128,261.82,7784218
204,1.49325236,1426863109,261.81,7784217
205,0.02000000,1426862974,261.81,7784211
206,0.06900000,1426862968,261.82,7784210
207,0.02000000,1426862967,261.81,7784209
208,0.02000000,1426862961,261.81,7784208
209,2.00000000,1426862933,261.81,7784207
210,0.02000000,1426862929,261.81,7784206
211,0.02000000,1426862924,261.81,7784205
212,0.02000000,1426862903,261.81,7784204
213,1.77610000,1426862902,261.81,7784203
214,0.34385663,1426862902,261.81,7784202
215,0.02000000,1426862902,261.74,7784201
216,0.05582602,1426862897,261.81,7784200
217,0.54386282,1426862869,261.80,7784199
218,0.53815000,1426862833,261.80,7784198
219,0.02000000,1426862833,261.72,7784197
220,0.02000000,1426862810,261.65,7784196
221,1.50000000,1426862781,261.51,7784195
222,0.03819564,1426862719,261.81,7784190
223,1.15894156,1426862699,261.50,7784189
224,0.84105844,1426862699,261.52,7784188
225,0.13143287,1426862689,261.65,7784187
226,0.00456693,1426862668,261.82,7784186
227,0.40424958,1426862668,261.81,7784185
228,0.36005764,1426862630,261.82,7784184
229,0.23569278,1426862611,261.82,7784183
230,0.05873212,1426862611,261.81,7784182
231,0.04000000,1426862611,261.76,7784181
232,0.36920649,1426862611,261.76,7784180
233,0.30636861,1426862611,261.71,7784179
