[{"amount":"1.55","date":1426931180,"date_ms":1426931180000,"price":"256.21","tid":5813841,"type":"buy"},{"amount":"1.54","date":1426931196,"date_ms":1426931196000,"price":"256.21","tid":5813853,"type":"sell"},{"amount":"0.62","date":1426931217,"date_ms":1426931217000,"price":"256.22","tid":5813891,"type":"sell"},{"amount":"0.44","date":1426931239,"date_ms":1426931239000,"price":"256.24","tid":5813915,"type":"sell"},{"amount":"0.06","date":1426931239,"date_ms":1426931239000,"price":"256.22","tid":5813917,"type":"sell"},{"amount":"0.117","date":1426931258,"date_ms":1426931258000,"price":"256.17","tid":5813945,"type":"sell"},{"amount":"0.693","date":1426931258,"date_ms":1426931258000,"price":"256.16","tid":5813947,"type":"sell"},{"amount":"1.28","date":1426931274,"date_ms":1426931274000,"price":"256.22","tid":5813963,"type":"buy"},{"amount":"0.24","date":1426931293,"date_ms":1426931293000,"price":"256.18","tid":5813996,"type":"buy"},{"amount":"6.71","date":1426931315,"date_ms":1426931315000,"price":"256.34","tid":5814057,"type":"buy"},{"amount":"8.15","date":1426931329,"date_ms":1426931329000,"price":"256.33","tid":5814082,"type":"buy"},{"amount":"1.69","date":1426931341,"date_ms":1426931341000,"price":"256.30","tid":5814106,"type":"sell"},{"amount":"1.18","date":1426931353,"date_ms":1426931353000,"price":"256.33","tid":5814130,"type":"sell"},{"amount":"1.88","date":1426931366,"date_ms":1426931366000,"price":"256.24","tid":5814155,"type":"sell"},{"amount":"0.292","date":1426931382,"date_ms":1426931382000,"price":"256.26","tid":5814204,"type":"buy"},{"amount":"8.448","date":1426931382,"date_ms":1426931382000,"price":"256.27","tid":5814206,"type":"buy"},{"amount":"0.146","date":1426931404,"date_ms":1426931404000,"price":"256.51","tid":5814246,"type":"buy"},{"amount":"4.414","date":1426931404,"date_ms":1426931404000,"price":"256.52","tid":5814248,"type":"buy"},{"amount":"4.019","date":1426931420,"date_ms":1426931420000,"price":"256.56","tid":5814268,"type":"buy"},{"amount":"3.62","date":1426931441,"date_ms":1426931441000,"price":"256.58","tid":5814297,"type":"buy"},{"amount":"3.62","date":1426931454,"date_ms":1426931454000,"price":"256.58","tid":5814300,"type":"buy"},{"amount":"6.83","date":1426931468,"date_ms":1426931468000,"price":"256.58","tid":5814310,"type":"buy"},{"amount":"7.73","date":1426931484,"date_ms":1426931484000,"price":"256.58","tid":5814314,"type":"buy"},{"amount":"8.268","date":1426931484,"date_ms":1426931484000,"price":"256.58","tid":5814315,"type":"sell"},{"amount":"0.277","date":1426931496,"date_ms":1426931496000,"price":"256.58","tid":5814333,"type":"sell"},{"amount":"1.893","date":1426931496,"date_ms":1426931496000,"price":"256.57","tid":5814335,"type":"sell"},{"amount":"4.84","date":1426931519,"date_ms":1426931519000,"price":"256.62","tid":5814370,"type":"buy"},{"amount":"4.48","date":1426931531,"date_ms":1426931531000,"price":"256.64","tid":5814394,"type":"buy"},{"amount":"2","date":1426931546,"date_ms":1426931546000,"price":"256.65","tid":5814424,"type":"buy"},{"amount":"4.85","date":1426931564,"date_ms":1426931564000,"price":"256.66","tid":5814455,"type":"sell"},{"amount":"4.14","date":1426931584,"date_ms":1426931584000,"price":"256.64","tid":5814488,"type":"sell"},{"amount":"0.139","date":1426931601,"date_ms":1426931601000,"price":"256.68","tid":5814511,"type":"sell"},{"amount":"1.7","date":1426931601,"date_ms":1426931601000,"price":"256.67","tid":5814513,"type":"sell"},{"amount":"0.139","date":1426931601,"date_ms":1426931601000,"price":"256.67","tid":5814515,"type":"sell"},{"amount":"1.882","date":1426931601,"date_ms":1426931601000,"price":"256.67","tid":5814517,"type":"sell"},{"amount":"3.79","date":1426931612,"date_ms":1426931612000,"price":"256.58","tid":5814537,"type":"buy"},{"amount":"2.28","date":1426931624,"date_ms":1426931624000,"price":"256.59","tid":5814562,"type":"sell"},{"amount":"3.92","date":1426931641,"date_ms":1426931641000,"price":"256.55","tid":5814584,"type":"sell"},{"amount":"0.05","date":1426931650,"date_ms":1426931650000,"price":"256.50","tid":5814597,"type":"sell"},{"amount":"0.186","date":1426931650,"date_ms":1426931650000,"price":"256.50","tid":5814599,"type":"sell"},{"amount":"0.249","date":1426931655,"date_ms":1426931655000,"price":"256.51","tid":5814615,"type":"sell"},{"amount":"0.377","date":1426931656,"date_ms":1426931656000,"price":"256.51","tid":5814618,"type":"sell"},{"amount":"3.81","date":1426931660,"date_ms":1426931660000,"price":"256.51","tid":5814623,"type":"sell"},{"amount":"2.83","date":1426931673,"date_ms":1426931673000,"price":"256.44","tid":5814652,"type":"buy"},{"amount":"0.5","date":1426931684,"date_ms":1426931684000,"price":"256.57","tid":5814676,"type":"buy"},{"amount":"0.6","date":1426931684,"date_ms":1426931684000,"price":"256.57","tid":5814678,"type":"buy"},{"amount":"2.08","date":1426931692,"date_ms":1426931692000,"price":"256.40","tid":5814699,"type":"buy"},{"amount":"0.017","date":1426931696,"date_ms":1426931696000,"price":"256.69","tid":5814706,"type":"buy"},{"amount":"0.001","date":1426931707,"date_ms":1426931707000,"price":"256.69","tid":5814720,"type":"buy"},{"amount":"0.09","date":1426931707,"date_ms":1426931707000,"price":"256.69","tid":5814722,"type":"buy"},{"amount":"1.099","date":1426931707,"date_ms":1426931707000,"price":"256.73","tid":5814724,"type":"buy"},{"amount":"0.52","date":1426931709,"date_ms":1426931709000,"price":"256.80","tid":5814730,"type":"buy"},{"amount":"1.1","date":1426931727,"date_ms":1426931727000,"price":"256.69","tid":5814768,"type":"sell"},{"amount":"1.36","date":1426931727,"date_ms":1426931727000,"price":"256.68","tid":5814770,"type":"sell"},{"amount":"2.42","date":1426931738,"date_ms":1426931738000,"price":"256.83","tid":5814794,"type":"buy"},{"amount":"0.305","date":1426931755,"date_ms":1426931755000,"price":"256.67","tid":5814840,"type":"buy"},{"amount":"1.1","date":1426931755,"date_ms":1426931755000,"price":"256.67","tid":5814842,"type":"buy"},{"amount":"0.645","date":1426931755,"date_ms":1426931755000,"price":"256.68","tid":5814844,"type":"buy"},{"amount":"0.85","date":1426931776,"date_ms":1426931776000,"price":"256.75","tid":5814876,"type":"buy"},{"amount":"4.12","date":1426931795,"date_ms":1426931795000,"price":"256.59","tid":5814917,"type":"sell"}]