,amount,date,price,tid
0,0.41300000,1426874050,260.00,7785421
1,0.34273422,1426874025,260.00,7785420
2,0.07206000,1426874005,260.00,7785419
3,2.00000000,1426874001,259.96,7785418
4,0.02107000,1426873961,259.96,7785417
5,0.50835800,1426873928,259.95,7785416
6,1.40000000,1426873928,259.95,7785415
7,0.17195854,1426873895,259.95,7785414
8,1.00000000,1426873895,259.95,7785413
9,0.14889976,1426873863,259.94,7785412
10,0.02562719,1426873862,259.94,7785411
11,1.00000000,1426873842,260.00,7785404
12,0.40400000,1426873792,260.00,7785402
13,2.25098700,1426873772,260.00,7785401
14,0.02000000,1426873761,259.95,7785400
15,0.93930000,1426873726,260.00,7785399
16,2.82183900,1426873716,260.00,7785398
17,0.42000000,1426873648,260.00,7785397
18,0.24682214,1426873635,260.00,7785396
19,0.09854980,1426873617,260.00,7785395
20,0.78414726,1426873582,260.00,7785394
21,0.78134391,1426873562,260.00,7785393
22,0.20292011,1426873534,260.00,7785385
23,0.55200000,1426873526,260.00,7785384
24,2.92576923,1426873443,260.00,7785383
25,0.17210847,1426873438,260.00,7785382
26,0.02789153,1426873438,259.99,7785381
27,0.20000000,1426873432,260.00,7785380
28,4.87873502,1426873430,260.00,7785379
29,0.02789153,1426873430,259.99,7785378
30,0.09999117,1426873430,260.00,7785377
31,0.04648588,1426873429,259.99,7785376
32,0.02000000,1426873426,259.99,7785375
33,0.07747646,1426873425,259.99,7785374
34,0.12912743,1426873424,259.99,7785373
35,0.13399693,1426873223,259.98,7785367
36,0.09968000,1426873222,260.06,7785366
37,0.10614774,1426873200,260.06,7785365
38,0.09955700,1426873128,260.06,7785364
39,0.16426230,1426873114,260.06,7785363
40,0.28917932,1426873019,260.06,7785362
41,0.75760000,1426872989,260.06,7785361
42,0.13094565,1426872974,260.06,7785360
43,0.05097150,1426872945,260.01,7785357
44,0.39915187,1426872912,259.98,7785355
45,0.04962000,1426872812,259.98,7785354
46,0.03000000,1426872802,259.97,7785353
47,0.03000000,1426872775,259.97,7785352
48,1.18720000,1426872770,259.98,7785351
49,0.03000000,1426872758,259.97,7785350
50,0.02000000,1426872758,259.98,7785349
51,0.03000000,1426872750,259.97,7785348
52,0.02000000,1426872746,259.98,7785347
53,0.03000000,1426872743,259.97,7785346
54,0.03000000,1426872738,259.97,7785345
55,0.03000000,1426872731,259.97,7785344
56,0.03000000,1426872726,259.97,7785343
57,1.70630463,1426872717,259.97,7785342
58,0.20000000,1426872712,259.98,7785341
59,0.10000000,1426872704,259.98,7785340
60,0.02402813,1426872682,259.98,7785339
61,0.74893098,1426872662,259.96,7785338
62,0.09680000,1426872654,259.96,7785337
63,0.05023615,1426872553,260.01,7785329
64,0.16018799,1426872505,258.81,7785328
65,3.14275713,1426872505,258.82,7785327
66,2.62900000,1426872505,258.82,7785326
67,4.23800000,1426872504,259.01,7785325
68,2.25770000,1426872504,259.05,7785324
69,3.10300000,1426872504,259.21,7785323
70,1.00000000,1426872504,259.37,7785322
71,2.91700000,1426872504,259.41,7785321
72,0.05777726,1426872504,259.42,7785320
73,0.05777281,1426872503,259.44,7785319
74,0.02369715,1426872503,259.72,7785318
75,0.10119345,1426872503,259.75,7785317
76,0.45866000,1426872503,260.05,7785316
77,0.35719228,1426872503,260.14,7785315
78,0.84542262,1426872502,260.15,7785314
79,17.20070977,1426872501,260.15,7785313
80,0.54960000,1426872464,260.29,7785312
81,1.00000000,1426872464,260.24,7785311
82,0.46553981,1426872424,260.14,7785310
83,0.57763000,1426872361,260.05,7785309
84,3.62594466,1426872348,259.79,7785308
85,0.09615459,1426872348,259.80,7785307
86,0.13948100,1426872348,259.99,7785306
87,0.16675055,1426872323,260.03,7785300
88,0.84586105,1426872323,260.02,7785299
89,0.10094231,1426872323,260.00,7785298
90,0.07407594,1426872323,259.99,7785297
91,0.02229088,1426872312,260.01,7785296
92,1.08920522,1426872253,259.72,7785295
93,0.09598029,1426872253,259.73,7785294
94,1.31681278,1426872253,259.74,7785293
95,0.10041961,1426872253,259.76,7785292
96,0.10060343,1426872253,259.90,7785291
97,0.77935354,1426872222,260.19,7785290
98,0.10060343,1426872222,260.18,7785289
99,0.84527606,1426872220,260.17,7785288
100,0.37555000,1426872121,260.09,7785287
101,2.18455628,1426872115,260.30,7785286
102,0.05017062,1426872085,260.45,7785285
103,1.90004994,1426871948,260.51,7785269
104,0.09995006,1426871948,260.28,7785268
105,1.15530615,1426871938,259.75,7785267
106,0.27270000,1426871874,260.30,7785266
107,1.07243646,1426871801,260.09,7785265
108,0.84524358,1426871799,260.07,7785264
109,0.93100000,1426871770,260.30,7785263
110,0.32508036,1426871761,259.00,7785262
111,3.13300000,1426871761,259.01,7785261
112,3.34100000,1426871761,259.21,7785260
113,0.25720237,1426871761,259.22,7785259
114,0.12667232,1426871761,259.23,7785258
115,1.10000000,1426871758,260.31,7785257
116,0.40000000,1426871653,259.88,7785244
117,0.15090874,1426871626,259.72,7785243
118,0.45460000,1426871619,259.72,7785242
119,0.03885521,1426871570,259.72,7785241
120,0.52454735,1426871546,258.83,7785240
121,0.06793800,1426871515,258.83,7785239
122,0.02301151,1426871509,259.87,7785238
123,0.46553981,1426871469,259.72,7785237
124,0.02890000,1426871465,259.72,7785236
125,0.69189686,1426871460,259.72,7785235
126,0.09710000,1426871446,259.72,7785234
127,6.60994501,1426871379,258.43,7785222
128,0.40506329,1426871379,258.87,7785221
129,1.98499170,1426871379,259.19,7785220
130,1.59864573,1426871375,259.92,7785219
131,3.47481263,1426871375,259.72,7785218
132,2.24800000,1426871374,259.69,7785217
133,0.84716393,1426871373,259.69,7785216
134,1.96403000,1426871353,259.67,7785215
135,0.84521413,1426871347,259.69,7785214
136,0.15818737,1426871345,259.72,7785213
137,0.09994622,1426871338,259.76,7785212
138,0.10614786,1426871264,259.92,7785211
139,0.12800750,1426871245,259.92,7785210
140,0.09370282,1426871105,260.65,7785206
141,0.18645218,1426871091,260.65,7785205
142,2.02000000,1426871058,260.66,7785204
143,0.27240000,1426871019,260.67,7785203
144,0.32087562,1426871019,260.67,7785202
145,0.15718743,1426871012,260.71,7785201
146,0.04281257,1426871012,260.49,7785200
147,0.03434983,1426870866,260.49,7785199
148,0.53384018,1426870803,260.89,7785189
149,0.27040000,1426870763,260.89,7785188
150,0.05025546,1426870756,260.89,7785187
151,1.34160000,1426870737,260.89,7785186
152,0.88728346,1426870702,260.89,7785185
153,0.46471654,1426870702,260.19,7785184
154,0.07450000,1426870591,260.82,7785183
155,0.14900000,1426870586,260.82,7785182
156,0.07450000,1426870581,260.82,7785181
157,0.07450000,1426870576,260.82,7785180
158,0.18600000,1426870571,260.82,7785179
159,0.18600000,1426870566,260.82,7785178
160,0.14900000,1426870561,260.82,7785177
161,0.07450000,1426870556,260.88,7785176
162,0.14900000,1426870551,260.88,7785170
163,0.07450000,1426870546,260.88,7785168
164,0.00359500,1426870541,260.88,7785167
165,0.07090500,1426870541,260.59,7785166
166,0.07450000,1426870536,260.59,7785165
167,0.14900000,1426870531,260.59,7785164
168,0.37200000,1426870526,260.59,7785163
169,0.14479500,1426870503,260.59,7785162
