,amount,date,price,tid
0,0.01000000,1426930823,256.593,282629
1,0.01100000,1426930823,256.6412,282628
2,0.01300000,1426930823,256.6908,282627
3,0.00600000,1426930823,256.7388,282626
4,0.00600000,1426930800,256.7388,282625
5,0.01000000,1426930800,256.7852,282624
6,0.01200000,1426930800,256.83,282623
7,0.01200000,1426930800,256.8733,282622
8,1.01680361,1426929127,258.1299,282621
9,0.01200000,1426928199,257.9918,282620
10,0.23201900,1426926822,258.0384,282619
11,0.77356703,1426926756,258.0384,282618
12,0.02269560,1426926552,258.0384,282617
13,0.01200000,1426926058,256.4392,282616
14,0.01100000,1426926058,256.5455,282615
15,0.08679090,1426926058,257,282614
16,0.66800001,1426926058,257,282613
17,0.08476693,1426926058,257,282612
18,0.04000000,1426926037,257,282611
19,0.04000000,1426926023,257,282610
20,0.01100000,1426926016,257.9698,282609
21,0.01800000,1426926016,257.9171,282608
22,0.01500000,1426926016,257.8662,282607
23,0.02300000,1426926016,257.8222,282606
24,0.01800000,1426926016,257.7796,282605
25,0.01400000,1426926016,257.7386,282604
26,0.01100000,1426926016,257.714,282603
27,0.01700001,1426926016,257.6752,282602
28,0.01000000,1426926016,257.6527,282601
29,0.01200000,1426926016,257.6309,282600
30,0.01300000,1426926016,257.6099,282599
31,0.01700001,1426926016,257.5896,282598
32,0.01200000,1426926016,257.5699,282597
33,0.01500000,1426926016,257.5509,282596
34,0.01300000,1426925519,257.5509,282595
35,0.05517490,1426920544,256.39,282594
36,0.02235903,1426920520,256.39,282593
37,0.01000000,1426920285,257.0705,282592
38,0.01100000,1426920285,257.0475,282591
39,0.00176469,1426920019,256.3602,282590
40,0.01100000,1426920019,256.3795,282589
41,0.01300000,1426920019,256.4018,282588
42,0.02500000,1426919770,257.0943,282587
43,0.59805447,1426919636,257,282586
44,0.55120644,1426919537,256.9999,282585
45,0.01300000,1426919537,256.9787,282584
46,0.01700001,1426919537,256.9581,282583
47,0.03300000,1426919537,256.9382,282582
48,0.50000000,1426918825,257,282581
49,0.29469276,1426918825,257,282580
50,0.01100000,1426918825,257.0453,282579
51,0.02000000,1426918825,257.0936,282578
52,0.20000000,1426918650,258,282577
53,0.02300000,1426918650,258.0155,282576
54,0.01000000,1426918616,259.3953,282575
55,0.01900000,1426918616,259.463,282574
56,0.01100000,1426918616,259.521,282573
57,0.03752882,1426918616,259.5457,282572
58,0.01300000,1426918616,259.608,282571
59,0.02000000,1426918616,259.6645,282570
60,0.01000000,1426918616,259.71,282569
61,0.01200000,1426918616,259.7958,282568
62,0.01300000,1426918616,259.8441,282567
63,0.01200000,1426918616,259.9021,282566
64,0.01000000,1426918616,259.9408,282565
65,0.01400000,1426918616,259.9794,282564
66,0.01113138,1426918600,260,282563
67,0.01200000,1426918600,260.0181,282562
68,0.01100000,1426918600,260.0761,282561
69,0.02000000,1426918600,260.1148,282560
70,0.01500000,1426918600,260.1438,282559
71,0.02200000,1426918600,260.1728,282558
72,0.01300000,1426918600,260.2018,282557
73,0.01600000,1426918600,260.2308,282556
74,0.01400000,1426918600,260.2598,282555
75,0.01200000,1426918600,260.2888,282554
76,0.01300000,1426918600,260.3178,282553
77,0.01200000,1426918600,260.3784,282552
78,3.08570636,1426918600,260.39,282551
79,0.12699241,1426918591,260.39,282550
80,0.05987000,1426918578,260.39,282549
81,0.01900750,1426918499,260.39,282548
82,0.08583443,1426918200,260.39,282547
83,0.01197000,1426918082,260.39,282546
84,0.06685457,1426917849,260.39,282545
85,0.11119695,1426917466,260.39,282544
86,0.07377275,1426917432,260.39,282543
87,0.01000000,1426917421,260.4074,282542
88,0.01100000,1426916818,260.4074,282541
89,0.02610202,1426916113,260.39,282540
90,0.01200000,1426915718,260.4074,282539
91,0.01000000,1426915188,260.4074,282538
92,0.01100000,1426914563,260.4074,282537
93,0.01895011,1426914480,260.39,282536
94,0.01300000,1426914021,260.4074,282535
95,0.01100000,1426913820,260.4074,282534
96,0.01200000,1426913495,260.4074,282533
97,0.03046526,1426913474,260.39,282532
98,0.02305601,1426913406,260.39,282531
99,0.01000000,1426913380,260.4074,282530
100,0.02186807,1426913246,260.39,282529
101,0.01300000,1426912776,260.4074,282528
102,0.01300000,1426912308,260.4074,282527
103,0.01549838,1426912178,260.39,282526
104,0.01300000,1426912017,260.4074,282525
105,0.01077415,1426911119,260.36,282524
106,0.01409867,1426911108,260.36,282523
107,0.01295254,1426910973,260.36,282522
108,0.00050000,1426910816,260.9112,282521
109,0.01000000,1426910816,260.8698,282520
110,0.01000000,1426910816,260.8328,282519
111,0.08000000,1426909823,260.36,282518
112,0.04000000,1426909809,260.36,282517
113,0.32000000,1426909786,260.36,282516
114,0.16000000,1426909771,260.36,282515
115,0.08000000,1426909759,260.36,282514
116,0.04000000,1426909745,260.36,282513
117,0.01200000,1426909618,260.3758,282512
118,0.01300000,1426909118,260.3758,282511
119,0.04000000,1426908543,260.36,282510
120,0.16000000,1426907361,260.36,282509
121,0.08000000,1426907348,260.36,282508
122,0.04000000,1426907336,260.36,282507
123,0.01100000,1426907218,260.3468,282506
124,0.08000000,1426905581,260.27,282505
125,0.04000000,1426905567,260.27,282504
126,0.03743132,1426903963,260.09,282503
127,0.05800000,1426903953,260.09,282502
128,0.01600000,1426903168,260.0638,282501
129,0.01400000,1426903017,260.0444,282500
130,0.01700001,1426902702,260.0444,282499
131,0.10000000,1426902233,260.463,282498
132,0.04000000,1426901916,260.03,282497
133,0.04000000,1426901893,260.03,282496
134,0.59778498,1426901878,260.03,282495
135,0.08000000,1426901868,260.03,282494
136,0.04000000,1426901854,260.03,282493
137,0.08000000,1426901829,260.03,282492
138,0.04000000,1426901814,260.03,282491
139,0.01700001,1426900019,259.855,282490
140,0.02095785,1426899758,260,282489
141,0.08000000,1426899453,259.85,282488
142,0.04000000,1426899440,259.85,282487
143,0.60000000,1426899050,259.81,282486
144,0.01100000,1426898816,259.768,282485
145,0.04000000,1426898681,259.76,282484
146,0.04000000,1426898658,259.76,282483
147,0.01000000,1426898331,259.992,282482
148,0.28796140,1426897919,260,282481
149,0.01000000,1426897889,260,282480
150,0.94100000,1426896983,260,282479
151,0.07015000,1426896919,260,282478
152,1.76181353,1426896339,259.67,282477
153,0.00303000,1426895692,261,282476
154,0.01100000,1426895692,260.951,282475
155,0.01900000,1426895344,259.5747,282474
156,0.01900000,1426894830,259.5457,282473
157,0.29242307,1426894605,260,282472
158,0.01000000,1426894161,259.47,282471
159,0.01385167,1426893937,260,282470
160,0.07443978,1426893150,261,282469
161,0.00199694,1426893150,259.4106,282468
162,0.01200306,1426893088,259.4106,282467
163,0.01100000,1426893077,259.3424,282466
164,0.01600000,1426893057,259.3302,282465
165,0.01200000,1426893057,259.2464,282464
166,0.01200000,1426893057,259.1623,282463
167,0.01800000,1426893057,259.0602,282462
168,0.01300000,1426893057,258.9615,282461
169,0.01000000,1426893057,258.8693,282460
170,0.01400000,1426892951,258.786,282459
171,0.01600000,1426892951,258.7108,282458
172,0.01600000,1426892951,258.6381,282457
173,0.01300000,1426892920,258.5678,282456
174,0.01100000,1426892869,258.4998,282455
175,0.02000000,1426892869,258.4341,282454
176,0.01700001,1426892869,258.377,282453
177,0.01200000,1426892869,258.3198,282452
178,0.01600000,1426892869,258.2665,282451
179,0.00730000,1426892869,258.215,282450
180,0.01300000,1426892816,258.0555,282449
181,0.01200000,1426892249,258.0362,282448
182,0.00270000,1426892243,258.215,282447
183,0.01700001,1426892243,258.1745,282446
184,0.01200000,1426891833,258.0155,282445
185,0.30523000,1426891621,258.174,282444
186,0.01100000,1426891621,258.1374,282443
187,0.01200000,1426891621,258.1021,282442
188,0.01440380,1426891621,258.0679,282441
189,0.01200000,1426891613,258.0119,282440
190,0.01600000,1426891024,258.0119,282439
191,0.01100000,1426890540,258.0119,282438
192,0.01500000,1426890415,258.0119,282437
193,0.00259621,1426889627,258.0679,282436
194,0.01000000,1426889627,258.0335,282435
195,0.01200000,1426889627,258.0002,282434
196,0.01100000,1426889627,257.968,282433
197,0.01700001,1426889627,257.938,282432
198,0.01200000,1426889627,257.909,282431
199,0.01100000,1426889627,257.8787,282430
200,0.00197001,1426889627,257.8161,282429
201,0.01702999,1426889185,257.8161,282428
202,0.02100000,1426889185,257.7579,282427
203,0.00197001,1426889185,257.7016,282426
204,0.01302999,1426889161,257.7016,282425
205,0.01100000,1426889161,257.6472,282424
206,0.01597001,1426889161,257.5966,282423
207,0.00103000,1426888065,257.5966,282422
208,0.01100000,1426888065,257.5477,282421
209,0.15098583,1426884446,256,282420
210,1.16000000,1426884446,256.1,282419
211,0.01300000,1426884446,256.1955,282418
212,0.01300000,1426884446,256.2846,282417
213,0.01600000,1426884446,256.3708,282416
214,0.01300000,1426884446,256.4513,282415
215,0.01100000,1426884446,256.5291,282414
216,0.01000000,1426884446,256.6611,282413
217,0.01200000,1426884446,256.7202,282412
218,0.03498809,1426884446,257,282411
219,0.52102608,1426884446,257,282410
220,0.01200000,1426884446,257.0293,282409
221,0.01800000,1426884446,257.0576,282408
222,0.01500000,1426884446,257.085,282407
223,0.01443617,1426883662,257,282406
224,0.01000000,1426883662,257.0356,282405
225,0.01300000,1426883662,257.0667,282404
226,0.02290130,1426881712,257,282403
227,0.01300000,1426881712,257.0391,282402
228,0.01100000,1426881712,257.0769,282401
229,0.01100000,1426881712,257.1099,282400
230,0.01203000,1426880495,258.174,282399
231,0.04674000,1426879999,258.174,282398
232,0.01400000,1426879999,258.1255,282397
233,0.01400000,1426879999,258.0787,282396
234,0.01600000,1426879648,258.0761,282395
235,0.01000000,1426879613,258.0761,282394
236,0.12346856,1426878541,257,282393
237,0.03778498,1426872378,256.1,282392
238,0.01100000,1426872378,256.5655,282391
239,0.01000000,1426872378,256.6288,282390
240,0.01800000,1426872378,256.7245,282389
241,0.01800000,1426871825,256.817,282388
242,0.01300000,1426871825,256.898,282387
243,0.03667056,1426870194,258,282386
244,0.01400000,1426870194,258.028,282385
245,0.01105100,1426870194,258.0776,282384
246,0.01100000,1426870194,258.1255,282383
247,0.01100000,1426870194,258.1718,282382
248,0.00594901,1426869929,258.0776,282381
249,0.01200000,1426869929,258.1255,282380
250,0.01900000,1426869929,258.1718,282379
251,0.01200000,1426868389,258.0364,282378
252,0.04735179,1426867947,259,282377
253,0.01000001,1426867944,259.0284,282376
254,0.00199999,1426867921,259.0284,282375
255,0.01400000,1426867921,259.0559,282374
256,0.01700001,1426867921,259.0825,282373
257,0.00700000,1426867921,259.1073,282372
258,0.00500000,1426867898,259.1073,282371
259,0.01000000,1426867898,259.1305,282370
260,0.01300000,1426867898,259.1529,282369
261,0.01200000,1426867898,259.221,282368
262,12.65356815,1426867824,261.1951,282367
263,0.01100000,1426867824,261.0859,282366
264,0.01000000,1426867824,261.023,282365
265,2.74458422,1426867824,261,282364
266,0.52965137,1426867824,261,282363
267,0.77091618,1426867824,261,282362
268,0.55553615,1426867824,261,282361
269,1.11511112,1426867824,261,282360
270,0.30113200,1426867824,261,282359
271,0.01200000,1426867824,260.9622,282358
272,0.00486747,1426867824,260.9034,282357
273,0.01000000,1426867824,260.8466,282356
274,0.01000000,1426867824,260.7997,282355
275,0.01100000,1426867824,260.758,282354
276,0.01100000,1426867824,260.7177,282353
277,0.01400000,1426867824,260.6786,282352
278,0.01400000,1426867824,260.5959,282351
279,0.13000000,1426867824,260,282350
280,0.13492330,1426867824,259.9133,282349
281,0.01900000,1426867824,259.8829,282348
282,0.01900000,1426867824,259.8535,282347
283,0.01800000,1426867824,259.8278,282346
284,0.01200000,1426867824,259.8038,282345
285,0.05264821,1426865182,259,282344
286,0.01813000,1426865182,259.5,282343
287,0.01100000,1426864721,259.8995,282342
288,0.01300000,1426864608,259.8995,282341
289,0.01500000,1426864198,259.9833,282340
290,0.01000000,1426864009,259.5133,282339
291,0.01600000,1426863561,259.5124,282338
292,1.02333495,1426863497,259.8729,282337
293,0.02300000,1426863407,259.5124,282336
294,0.37000000,1426863343,259.87,282335
295,0.05987000,1426863255,259.5,282334
296,0.30300000,1426863200,259.8729,282333
297,0.01200000,1426863200,259.8644,282332
298,0.01200000,1426863200,259.7334,282331
299,0.01100000,1426863200,259.6482,282330
300,0.02300000,1426863200,259.563,282329
301,0.01900000,1426863200,259.5218,282328
302,0.01200000,1426863143,259.472,282327
303,0.01800000,1426863090,259.4563,282326
304,0.01300000,1426862990,259.4563,282325
305,0.01200000,1426862807,259.0157,282324
306,0.06674804,1426861743,259,282323
307,0.00303000,1426861743,259.018,282322
308,0.01600000,1426861662,259.505,282321
309,0.01197000,1426861294,259.018,282320
310,1.12600000,1426861263,259.5392,282319
311,0.11535829,1426861221,259.5392,282318
312,0.01300000,1426861191,259.0354,282317
313,0.07262872,1426861168,259.5392,282316
314,0.00197000,1426861123,259,282315
315,0.01000000,1426861123,259.018,282314
316,0.01300000,1426860620,259.5218,282313
317,0.01236807,1426860372,259.5392,282312
318,0.44600000,1426860272,259.5392,282311
319,0.03845276,1426860142,259.5392,282310
320,0.98875237,1426860123,259.5392,282309
321,0.01100000,1426860123,259.442,282308
322,0.04000000,1426860060,259,282307
323,0.02100000,1426859961,259,282306
324,0.02400000,1426859943,259.4273,282305
325,0.10450000,1426859931,258.9999,282304
326,0.01668196,1426859931,258.8389,282303
327,0.00231804,1426859391,258.8389,282302
328,0.01000000,1426859391,258.7475,282301
329,0.01600000,1426859391,258.6726,282300
330,0.01500000,1426859391,258.6002,282299
331,0.01800000,1426859391,258.5302,282298
332,0.01600000,1426859391,258.4659,282297
333,0.02722687,1426857376,256.5,282296
334,0.01200000,1426857376,256.57,282295
335,0.01100000,1426857376,256.6377,282294
336,0.13600001,1426856773,256,282293
337,0.01100000,1426856735,256.0978,282292
338,0.01528939,1426855637,255.9334,282291
339,0.12480000,1426855637,255.94,282290
340,0.01100000,1426855637,256.0139,282289
341,0.01500000,1426855637,256.1073,282288
342,0.01100000,1426855637,256.2011,282287
343,0.01300000,1426855637,256.2918,282286
344,0.01100000,1426855637,256.3794,282285
345,0.01400000,1426855637,256.4641,282284
346,0.01200000,1426855637,256.546,282283
347,0.06000000,1426855637,256.55,282282
348,0.01300000,1426855637,256.6561,282281
349,0.00937061,1426855637,257.0911,282280
350,0.00162939,1426855486,257.0911,282279
351,0.01100000,1426855486,257.1792,282278
352,0.26125000,1426853029,259.7331,282277
353,3.15800000,1426851927,258.9213,282276
354,0.01000000,1426851927,258.8337,282275
355,0.01000000,1426851927,258.749,282274
356,0.26700000,1426851204,258.9212,282273
357,0.01200000,1426851204,258.8244,282272
358,0.01000000,1426851204,258.7309,282271
359,0.01100000,1426851204,258.6405,282270
360,1.05124648,1426848652,258.9973,282269
361,0.01800000,1426848652,258.8977,282268
362,0.01500000,1426848652,258.7989,282267
363,0.02000000,1426848652,258.7034,282266
364,0.02000000,1426848652,258.6111,282265
365,0.01100000,1426848652,258.5218,282264
366,0.01000000,1426848652,258.4355,282263
367,0.01100000,1426848652,258.3521,282262
368,0.57813937,1426848103,257.8645,282261
369,0.01100000,1426848082,257.8667,282260
370,0.01200000,1426847986,257.8829,282259
371,0.02100000,1426847390,257.9311,282258
372,0.01400000,1426847351,257.8688,282257
373,0.01400000,1426847322,257.8688,282256
374,0.01000000,1426846628,257.8667,282255
375,0.01000000,1426846607,257.8667,282254
376,0.06000000,1426846531,257.8645,282253
377,0.01200000,1426846126,257.9289,282252
378,0.01100000,1426845584,257.9289,282251
379,0.01200000,1426845544,257.9289,282250
380,0.01100000,1426845270,257.8645,282249
381,0.03366417,1426843694,255.9333,282248
382,0.01300000,1426843642,256.0355,282247
383,0.04000000,1426842465,256,282246
384,0.08000000,1426842420,256,282245
385,0.04000000,1426842407,256,282244
386,0.01200000,1426842405,255.9355,282243
387,0.55553615,1426842405,256,282242
388,1.00000000,1426842401,256.0001,282241
389,0.11677238,1426842345,257.9108,282240
390,0.04322762,1426842036,257.9108,282239
391,0.32000000,1426842036,257.9108,282238
392,0.37646914,1426842036,257.9108,282237
393,0.01400000,1426842036,257.9777,282236
394,0.01400000,1426841997,258.1001,282235
395,0.01500000,1426841997,258.1968,282234
396,0.01000000,1426841890,259.0667,282233
397,0.01163957,1426841890,259.134,282232
398,0.01000000,1426841890,259.193,282231
399,0.01100000,1426841890,259.2549,282230
400,0.01100000,1426841890,259.3129,282229
401,0.01000000,1426841890,259.3709,282228
402,0.01100000,1426841890,259.4289,282227
403,0.01300000,1426841890,259.4853,282226
404,0.01100000,1426841890,259.5433,282225
405,0.01100000,1426841367,259.5585,282224
406,0.01100000,1426840606,259.985,282223
407,0.01000000,1426840176,259.5585,282222
408,0.01200000,1426840007,259.5585,282221
409,0.00613253,1426831000,260.9034,282220
410,0.01000000,1426831000,259.9733,282219
411,0.00236043,1426829282,259.134,282218
412,0.00843723,1426829282,259.1991,282217
413,0.00356277,1426827633,259.1991,282216
414,0.01100000,1426827633,259.2559,282215
415,0.00670031,1426822191,261,282214
416,0.01100000,1426822075,260.9356,282213
417,0.14624818,1426819467,261,282212
418,0.72208815,1426819467,261,282211
419,0.01200000,1426819231,260.9967,282210
420,0.01300000,1426819199,260.9,282209
421,0.02500000,1426819190,261,282208
422,0.01600000,1426819167,260.9,282207
423,0.01600000,1426819167,260.8033,282206
424,0.47796934,1426818987,261,282205
425,0.14633077,1426818919,258.0001,282204
426,0.01891202,1426818919,258.0001,282203
427,0.01100000,1426818919,258.0639,282202
428,0.01300000,1426818919,258.1237,282201
429,0.01500000,1426818919,258.2164,282200
430,0.01100000,1426818919,258.3092,282199
431,0.01200000,1426818919,258.3989,282198
432,0.01000000,1426818919,258.4856,282197
433,0.30593869,1426817606,261,282196
434,0.06524904,1426816464,261,282195
435,0.01100000,1426816413,260.9041,282194
436,0.00375478,1426815961,261,282193
437,0.10860824,1426815961,260.999999,282192
438,0.01700001,1426815961,259.9719,282191
439,0.01100000,1426815961,259.9447,282190
440,0.00197000,1426815961,259.9184,282189
441,0.01100000,1426815961,259.8566,282188
442,0.26353086,1426814952,257.9108,282187
443,1.14279681,1426814952,257.9108,282186
444,0.01100000,1426814952,257.9777,282185
445,0.13720319,1426814552,257.9108,282184
446,0.19770207,1426814501,258,282183
447,0.01000000,1426814501,258.0317,282182
448,0.01200000,1426814501,258.1387,282181
449,0.01600000,1426814501,258.2007,282180
450,0.01100000,1426814501,259.0333,282179
451,0.01100000,1426814501,259.0655,282178
452,0.01500000,1426814501,259.0967,282177
453,0.01200000,1426814501,259.1268,282176
454,0.01000000,1426814501,259.1559,282175
455,0.50000000,1426814456,259.5,282174
456,0.01200000,1426813922,259.9045,282173
457,0.01000000,1426813604,259.5139,282172
458,0.01203000,1426813300,259.9184,282171
459,0.01000000,1426813171,259.9045,282170
460,0.17362771,1426812079,260,282169
461,0.11272136,1426812079,260,282168
462,0.04727864,1426811178,260,282167
463,0.08000000,1426811178,260,282166
464,0.04000000,1426811178,260,282165
465,0.64000000,1426811178,260,282164
466,0.05812136,1426811178,260,282163
467,0.01700001,1426811106,259.9667,282162
468,0.02813000,1426810654,260,282161
469,0.01900000,1426810654,259.94,282160
470,0.01300000,1426810654,259.882,282159
471,0.01600000,1426810257,259,282158
472,0.01000000,1426810257,259.55,282157
473,0.01000000,1426810257,259.5983,282156
474,0.01400000,1426810257,259.6117,282155
475,0.01100000,1426810253,259.6246,282154
476,0.01400000,1426810065,259.9871,282153
477,0.01600000,1426810000,259.9871,282152
478,0.01700001,1426809400,259.6117,282151
479,0.01100000,1426809168,259.6117,282150
480,0.01100000,1426809122,259.6117,282149
481,0.01600000,1426808956,259.6117,282148
482,0.01200000,1426808799,259.6117,282147
483,0.23374864,1426808663,260,282146
484,0.16000000,1426808650,260,282145
485,0.08000000,1426808634,260,282144
486,0.04000000,1426808622,260,282143
487,0.64000000,1426808598,260,282142
488,0.32000000,1426808584,260,282141
489,0.16000000,1426808571,260,282140
490,0.08000000,1426808558,260,282139
491,0.02600000,1426808544,260,282138
492,0.01400000,1426808544,260.0333,282137
493,0.00301291,1426808469,260,282136
494,0.01200000,1426808469,260.0322,282135
495,0.01930663,1426808365,260.999999,282134
496,0.00569337,1426808365,260.966699,282133
497,0.00630663,1426808330,260.966699,282132
498,0.01500000,1426808330,260.935599,282131
499,0.01369338,1426808330,260.905499,282130
500,0.00030662,1426808297,260.905499,282129
501,0.01200000,1426808297,260.876399,282128
502,0.03831421,1426807309,260,282127
503,0.06400000,1426807112,260,282126
504,0.01500000,1426807112,260.0333,282125
505,0.00100000,1426807112,260.0644,282124
506,0.01000000,1426807099,260.0644,282123
507,0.01500000,1426807099,260.0956,282122
508,0.01500000,1426807099,260.1257,282121
509,0.12849112,1426806425,260.999999,282120
510,0.17408238,1426806425,260.9999,282119
511,0.39881762,1426806370,260.9999,282118
512,0.42710000,1426806142,260.9999,282117
513,0.01100000,1426806142,260.9677,282116
514,0.01000000,1426806142,260.9376,282115
515,1.90560000,1426805037,260,282114
516,0.23537000,1426804547,260.9999,282113
517,0.01200000,1426804547,260.9166,282112
518,0.01700001,1426804547,260.836,282111
519,0.01100000,1426804547,259.989,282110
520,0.01000000,1426803953,258.5,282109
521,0.01984368,1426803186,259,282108
522,0.44170905,1426802834,259,282107
523,0.01100000,1426802816,260.901099,282106
524,0.70589929,1426802531,259,282105
525,0.04501607,1426802531,260.6841,282104
526,0.01400000,1426802408,260.989499,282103
527,0.01300000,1426802236,260.989499,282102
528,0.02978689,1426802050,260.999999,282101
529,0.01700001,1426801720,260.6946,282100
530,0.01400000,1426801596,260.6946,282099
531,0.09574712,1426801593,260.999999,282098
532,0.02300000,1426801593,260.967799,282097
533,0.01130000,1426801593,260.869899,282096
534,0.02300000,1426801593,260.775299,282095
535,0.01200000,1426801226,260.772299,282094
536,0.01859000,1426801217,260.6841,282093
537,0.01200000,1426800997,260.6871,282092
538,0.01300000,1426800993,260.684099,282091
539,0.00170000,1426800415,260.869899,282090
540,0.01000000,1426800415,260.775299,282089
541,0.01400000,1426799863,260,282088
542,0.01900000,1426799863,259.9344,282087
543,0.01800000,1426799863,259.9033,282086
544,0.01100000,1426799752,260.0333,282085
545,0.01203000,1426799331,260.999999,282084
546,0.01203000,1426799265,260.999999,282083
547,0.09400000,1426799229,260.999999,282082
548,0.01400000,1426799229,260.2177,282081
549,1.89061203,1426799199,258.9517,282080
550,0.01203000,1426799196,258.9517,282079
551,0.01403000,1426799191,258.9517,282078
552,0.01100000,1426799019,257.9517,282077
553,0.01000000,1426798981,256.4533,282076
554,0.02100000,1426798946,255.9333,282075
555,0.01700001,1426798946,255.4176,282074
556,0.01200000,1426798946,255.337,282073
557,0.01100000,1426798946,255.2924,282072
558,0.01100000,1426798946,255.2493,282071
559,0.01600000,1426798946,255.2077,282070
560,0.00497000,1426798946,255.1674,282069
561,0.00603000,1426798941,255.1674,282068
562,0.00600000,1426798941,255.1285,282067
563,0.02000000,1426798821,255.1285,282066
564,0.02200000,1426798777,255.1242,282065
565,0.01300000,1426797605,255.2827,282064
566,0.35354069,1426796618,255.501,282063
567,0.02000000,1426796618,253.9158,282062
568,0.01200000,1426796618,253.8946,282061
569,0.01400000,1426796618,253.8648,282060
570,0.01100000,1426796618,253.836,282059
571,0.01000000,1426795916,253.0957,282058
572,0.01100000,1426795916,253.1882,282057
573,0.01100000,1426795916,253.2776,282056
574,0.03200000,1426795916,253.28,282055
575,0.04000000,1426795903,253.28,282054
576,0.16000000,1426795879,253.28,282053
577,0.08000000,1426795866,253.28,282052
578,0.04000000,1426795850,253.28,282051
579,0.08000000,1426795716,253.28,282050
580,0.02900000,1426795703,253.28,282049
581,0.01100000,1426795703,253.304,282048
582,0.45770000,1426795196,253.999,282047
583,0.03900000,1426794771,253.28,282046
584,0.01000000,1426794771,253.354,282045
585,2.07433242,1426794743,254,282044
586,0.08000000,1426794741,254,282043
587,0.04000000,1426794728,254,282042
588,0.04000000,1426794715,254,282041
589,0.07200000,1426794659,254,282040
590,0.40000000,1426794477,255.1,282039
591,0.46000000,1426794456,256,282038
592,0.04000000,1426794447,256,282037
593,0.01530121,1426793898,256.5,282036
594,0.04000000,1426793875,256.5,282035
595,0.08000000,1426793852,256.5,282034
596,0.04000000,1426793839,256.5,282033
597,0.04000000,1426793796,256.5,282032
598,0.08000000,1426793582,256.5,282031
599,0.02900000,1426793567,256.5,282030
600,0.01100000,1426793567,256.55,282029
601,0.00200000,1426793064,257,282028
602,0.01100000,1426793064,257.0915,282027
603,0.01300000,1426793064,257.1878,282026
604,0.01400000,1426793064,257.2149,282025
605,0.51440523,1426792143,259.9805,282024
606,0.17269477,1426792143,259.9804,282023
607,0.00190000,1426792143,259.9689,282022
608,0.01100000,1426792143,259.8533,282021
609,0.02100000,1426792108,259.7415,282020
610,0.43825146,1426791310,257,282019
611,0.02212687,1426791307,257,282018
612,0.03962167,1426791307,257,282017
613,0.05549951,1426791207,257,282016
614,0.04450049,1426791207,258,282015
615,1.60347587,1426791118,258,282014
616,0.19766396,1426791118,258,282013
617,0.52186017,1426791118,258,282012
618,0.01500000,1426791118,258.0633,282011
619,0.01300000,1426791118,258.1225,282010
620,0.01400000,1426791118,258.184,282009
621,0.01100000,1426791118,258.2435,282008
622,0.01200000,1426791118,258.301,282007
623,0.01200000,1426791118,258.3566,282006
624,0.01010000,1426789941,259.9689,282005
625,0.01100000,1426789941,259.9388,282004
626,0.08000000,1426789855,259.9,282003
627,0.04000000,1426789842,259.9,282002
628,0.30459077,1426789817,259.9,282001
629,0.01200000,1426789817,259.8388,282000
630,0.33198741,1426788907,258,281999
631,0.27000886,1426788741,257.5,281998
632,0.01300000,1426788741,257.5636,281997
633,0.02200373,1426788741,257.62,281996
634,0.01200000,1426788741,257.6251,281995
635,0.01400000,1426788741,257.6845,281994
636,0.01100000,1426788741,257.755,281993
637,0.01900000,1426788741,257.8232,281992
638,0.01100000,1426788741,257.8891,281991
639,0.01400000,1426788741,257.9528,281990
640,0.01200000,1426788712,258.0144,281989
641,0.01400000,1426788712,258.0739,281988
642,0.01200000,1426788712,258.1295,281987
643,0.01100000,1426788712,258.1833,281986
644,0.01100000,1426788712,258.2372,281985
645,0.01100000,1426788712,258.396,281984
646,0.01100000,1426788712,259.0667,281983
647,2.68947182,1426788361,260,281982
648,2.56000000,1426788347,260,281981
649,1.28000000,1426788334,260,281980
650,0.64000000,1426788321,260,281979
651,0.32000000,1426788308,260,281978
652,0.16000000,1426788295,260,281977
653,0.06100000,1426788252,260.0002,281976
654,0.01515595,1426788226,260.0002,281975
655,4.00115988,1426788099,260,281974
656,0.16021710,1426788099,260.0002,281973
657,0.01100000,1426787965,261.1233,281972
658,0.00400002,1426787965,261.2424,281971
659,0.01299999,1426787941,261.2424,281970
660,0.01700001,1426787941,262.0637,281969
661,0.01000000,1426787941,262.1253,281968
662,0.31756749,1426786978,263.9124,281967
663,1.14000000,1426786386,263.9124,281966
664,3.41000000,1426786352,263.9124,281965
665,0.01976601,1426785761,263,281964
666,0.01484687,1426785753,266.982,281963
667,0.01715313,1426785753,265,281962
668,0.01100000,1426785753,264.8333,281961
669,0.01715313,1426785224,262,281960
670,0.67459834,1426785056,266.9885,281959
671,0.09100000,1426785056,266.5405,281958
672,0.04700514,1426785056,265,281957
673,0.13782918,1426785056,264,281956
674,0.10789719,1426785056,261,281955
675,0.01000000,1426785056,260.9356,281954
676,0.01100000,1426785056,260.8733,281953
677,0.01000000,1426785056,260.8131,281952
678,1.00000000,1426783541,261.0001,281951
679,0.10661455,1426783517,261,281950
680,0.50000000,1426783502,264,281949
681,0.30271649,1426783461,261,281948
682,0.30000000,1426783453,264,281947
683,0.10408139,1426783431,261,281946
684,0.20299486,1426783422,265,281945
685,2.00000000,1426783422,265,281944
686,0.09339497,1426783422,264.99,281943
687,0.10361017,1426783422,264,281942
688,0.42389610,1426783367,261,281941
689,0.10413082,1426783362,261,281940
690,0.31660503,1426783356,264.99,281939
691,0.20000000,1426783356,264.8,281938
692,1.00425071,1426783356,263,281937
693,0.27914426,1426783356,263,281936
694,0.02914426,1426782530,260,281935
695,0.02636131,1426782508,264,281934
696,0.15883856,1426782508,263.3816,281933
697,0.01400000,1426782508,263.132,281932
698,0.04540408,1426782508,263,281931
699,0.01000000,1426782508,260.7487,281930
700,0.01100000,1426782508,260.653,281929
701,0.08900000,1426782459,259.9999,281928
702,0.40000000,1426782454,259.99,281927
703,0.21578138,1426782448,259.8,281926
704,1.03061202,1426782380,259,281925
705,0.22678983,1426782372,259.8,281924
706,0.30057748,1426781206,259.7999,281923
707,0.00888252,1426781206,259.7425,281922
708,0.00211748,1426779735,259.7425,281921
709,0.01000000,1426779735,259.6869,281920
710,0.01024001,1426778146,258,281919
711,0.14689357,1426777758,259.6096,281918
712,0.01060643,1426777753,259.6096,281917
713,0.01100000,1426777751,259.5399,281916
714,0.01100000,1426777751,259.4724,281915
715,0.01300000,1426777751,259.4071,281914
716,0.01100000,1426777751,259.3497,281913
717,0.01100000,1426777751,259.2942,281912
718,0.06938805,1426776507,257.5,281911
719,0.01100000,1426776507,257.5143,281910
720,0.25154833,1426775696,259.31,281909
721,0.01300000,1426775525,259.5997,281908
722,0.01900000,1426775445,259.5997,281907
723,0.01200000,1426775196,259.32,281906
724,0.11873606,1426774997,259.31,281905
725,0.52871560,1426774980,259.31,281904
726,0.01600000,1426774913,259.32,281903
727,0.28000001,1426774858,259.31,281902
728,0.24290000,1426774745,258.9999,281901
729,0.01000000,1426774745,257.9086,281900
730,0.01000000,1426774745,257.7913,281899
731,0.01000000,1426774745,257.7653,281898
732,0.00100000,1426774745,257.7653,281897
733,0.01300000,1426774745,257.64,281896
734,0.01100000,1426774719,257.52,281895
735,0.02183593,1426774096,256,281894
736,0.01300000,1426774096,255.8711,281893
737,0.01000000,1426774096,255.7846,281892
738,0.01100000,1426774096,255.5871,281891
739,0.01100000,1426774096,255.5129,281890
740,0.01100000,1426774096,255.4461,281889
741,0.01582324,1426774096,255.1,281888
742,0.25000000,1426766636,253,281887
743,0.01800000,1426765695,254,281886
744,0.01500000,1426765695,253.9528,281885
745,0.01200000,1426765695,253.9072,281884
746,0.01200000,1426765695,253.8631,281883
747,0.01400000,1426764121,253.9528,281882
748,2.00000000,1426762257,252,281881
749,0.43169357,1426762116,252,281880
750,1.00000000,1426762116,252.0001,281879
751,0.01459083,1426762116,252.0667,281878
752,0.01000000,1426762116,252.1294,281877
753,0.52871560,1426762028,253,281876
754,0.01500000,1426762028,253.121,281875
755,0.72492330,1426761942,256.6301,281874
756,9.47500000,1426761874,256.6301,281873
757,0.01000000,1426761874,256.63,281872
758,0.01000000,1426761874,256.5622,281871
759,0.01100000,1426761874,253.9736,281870
760,0.01400000,1426761874,253.9481,281869
761,0.00040917,1426760998,252.0667,281868
762,0.01600000,1426760998,252.1978,281867
763,0.00759084,1426760998,253.126,281866
764,0.01100000,1426760998,253.2073,281865
765,0.01200000,1426760927,254.1063,281864
766,0.01173607,1426760927,254.5931,281863
767,0.01100000,1426760927,254.6587,281862
768,0.01551645,1426760927,254.7,281861
769,0.00126394,1426760310,254.5931,281860
770,0.07873606,1426760310,254.5931,281859
771,0.04000000,1426760297,254.5931,281858
772,0.00099999,1426760173,254.5931,281857
773,0.01000000,1426760173,254.76,281856
774,0.01200000,1426760173,256.043,281855
775,0.01700001,1426760173,256.0817,281854
776,0.48378521,1426759798,257.76,281853
777,0.32000000,1426759783,257.76,281852
778,0.16000000,1426759770,257.76,281851
779,0.04300000,1426759759,257.76,281850
780,0.08000000,1426759756,257.76,281849
781,0.04000000,1426759743,257.76,281848
782,0.01200000,1426759724,257.7651,281847
783,2.56000000,1426759718,257.76,281846
784,1.28000000,1426759703,257.76,281845
785,0.64000000,1426759691,257.76,281844
786,0.32000000,1426759677,257.76,281843
787,0.16000000,1426759664,257.76,281842
788,0.08000000,1426759651,257.76,281841
789,0.04000000,1426759636,257.76,281840
790,0.01000000,1426759590,257.7651,281839
791,0.01366197,1426759533,257.76,281838
792,0.01000000,1426759133,257.7653,281837
793,2.71880077,1426759078,257.01,281836
794,2.56377062,1426759074,257.01,281835
795,0.09708171,1426758761,257,281834
796,0.02600000,1426758477,256.05,281833
797,0.02600000,1426758411,256.05,281832
798,0.04614785,1426758101,257,281831
799,0.01300000,1426757975,254.67,281830
800,0.01300000,1426757975,254.738,281829
801,0.21857000,1426757717,254.49,281828
802,0.48000000,1426757695,257,281827
803,0.14731517,1426757359,257,281826
804,0.01700001,1426757359,256.9003,281825
805,0.01700001,1426757359,256.8076,281824
806,0.01300000,1426757359,256.727,281823
807,0.31741143,1426757066,254.32,281822
808,0.04402343,1426756132,256,281821
809,0.01000000,1426756132,255.905,281820
810,0.01200000,1426756132,255.8418,281819
811,0.01200000,1426756132,255.7807,281818
812,0.02600000,1426755552,254.01,281817
813,0.02513161,1426754533,254,281816
814,0.01000000,1426754454,254,281815
815,0.12912400,1426754261,256,281814
816,0.46039389,1426754261,255,281813
817,0.01600000,1426754261,254.967,281812
818,0.05050583,1426753301,257,281811
819,0.31322429,1426753297,257,281810
820,0.46440000,1426753288,256.9999,281809
821,0.00721184,1426753259,253.126,281808
822,0.01000000,1426753259,255.1001,281807
823,0.01200000,1426753259,255.1634,281806
824,0.01000000,1426753259,255.258,281805
825,0.01200000,1426753259,255.3464,281804
826,0.01200000,1426752936,255.4015,281803
827,0.09640000,1426752924,257,281802
828,0.33400001,1426751934,258,281801
829,0.07156187,1426750910,258,281800
830,0.05742879,1426750776,259.8,281799
831,0.09826000,1426750776,259.7999,281798
832,0.01100000,1426750776,256.8752,281797
833,0.01500000,1426750776,256.7502,281796
834,0.01100000,1426750776,255.9042,281795
835,0.00019732,1426750197,253.126,281794
836,0.01000000,1426750197,253.2551,281793
837,0.04700000,1426749695,253.0001,281792
838,0.01200000,1426749695,253.1261,281791
839,1.13284046,1426749432,257,281790
840,1.00000000,1426749432,256.9999,281789
841,0.43213882,1426749432,256,281788
842,0.17721573,1426749432,256,281787
843,0.13575857,1426749201,253.0002,281786
844,0.02200000,1426749201,254.1333,281785
845,0.80000000,1426748951,256.9999,281784
846,0.60935456,1426748874,257,281783
847,0.01690179,1426748697,255,281782
848,0.15600000,1426748646,256,281781
849,0.01000000,1426748646,254.9333,281780
850,0.01100000,1426748646,254.8731,281779
851,0.01200000,1426748646,254.8149,281778
852,0.01100000,1426748646,254.7586,281777
853,0.60600000,1426748362,251.0001,281776
854,0.04687092,1426748341,251.0001,281775
855,0.01100000,1426748269,253.9709,281774
856,0.01000000,1426748269,252.9035,281773
857,0.01200000,1426748001,250.8688,281772
858,0.01000000,1426748001,250.7421,281771
859,0.01200000,1426747460,248.9337,281770
860,0.00399902,1426747460,248.8719,281769
861,0.00492942,1426747435,248.8719,281768
862,0.03507058,1426747435,248.8,281767
863,0.01000000,1426746470,247.08,281766
864,0.00107156,1426746434,248.8719,281765
865,0.01000000,1426746434,248.8122,281764
866,0.08900000,1426743728,247.01,281763
867,0.01100000,1426743728,247.0667,281762
868,0.10000000,1426739949,250,281761
869,0.00202186,1426739335,245,281760
870,0.05000000,1426739335,245,281759
871,0.09500000,1426739335,248,281758
872,0.03027067,1426739335,249,281757
873,1.00000000,1426739335,249.0001,281756
874,0.09765952,1426739335,250,281755
875,0.01100000,1426739335,250.1047,281754
876,0.01400000,1426739335,250.198,281753
877,0.01000000,1426739335,250.2882,281752
878,0.79947574,1426737655,253,281751
879,0.55913340,1426737655,253,281750
880,0.95812000,1426737655,252.9999,281749
881,0.53287086,1426737655,252,281748
882,0.01100000,1426737655,251.9667,281747
883,0.01100000,1426737655,250.8667,281746
884,0.01200000,1426737655,250.7378,281745
885,0.01000000,1426737655,250.6465,281744
886,0.01200000,1426737655,250.4583,281743
887,0.01000000,1426737505,250.0153,281742
888,0.01100000,1426736961,250.0153,281741
889,0.00034048,1426736954,250,281740
890,0.01100000,1426736954,249.9667,281739
891,0.01100000,1426736954,249.9345,281738
892,0.17009069,1426736535,249,281737
893,0.05450931,1426736535,249,281736
894,0.13995952,1426735512,250,281735
895,0.05970000,1426735437,250,281734
896,0.01000000,1426735052,250.3775,281733
897,0.01698197,1426734834,250.3773,281732
898,0.08023904,1426733556,249,281731
899,0.01100000,1426732238,249.9333,281730
900,0.01000000,1426729906,245.0001,281729
901,0.08000000,1426728800,248,281728
902,0.04000000,1426728800,248,281727
903,0.00272191,1426727915,246.9667,281726
904,2.70479047,1426727794,246,281725
905,0.29520953,1426727794,246,281724
906,0.01027809,1426727753,246.9667,281723
907,0.05908667,1426727441,247,281722
908,0.04000000,1426727428,247,281721
909,0.00366272,1426727405,247,281720
910,0.01846930,1426727405,247.4809,281719
911,0.07786798,1426727405,248,281718
912,0.22000000,1426727405,248,281717
913,0.16000000,1426727392,248,281716
914,0.29135734,1426727383,250,281715
915,0.08000000,1426727379,248,281714
916,0.04000000,1426727366,248,281713
917,0.10000000,1426727360,249,281712
918,0.00031570,1426727335,250,281711
919,0.07936430,1426727233,250,281710
920,0.00063570,1426727233,250.1667,281709
921,0.00936430,1426727221,250.1667,281708
922,0.01000000,1426727221,250.2945,281707
923,0.02063570,1426727221,251.001,281706
924,0.01100000,1426727186,251.4865,281705
925,0.02000000,1426726645,252,281704
926,0.00300000,1426726645,252.0667,281703
927,0.00700000,1426726622,252.0667,281702
928,0.01200000,1426726622,252.1953,281701
929,0.01100000,1426726622,253.0644,281700
930,0.01000000,1426726622,253.1267,281699
931,0.00446095,1426724947,253,281698
932,0.07553905,1426724947,253,281697
933,0.04000000,1426724933,253,281696
934,0.04000000,1426724910,253,281695
935,0.08000000,1426724896,253,281694
936,0.04000000,1426724881,253,281693
937,3.81663604,1426724309,255.83,281692
938,0.01100000,1426724309,255.7046,281691
939,0.01100000,1426724309,255.5833,281690
940,0.01100000,1426724309,255.4661,281689
941,0.05415049,1426724309,253.1,281688
942,0.01000000,1426721843,253.1,281687
943,0.07800775,1426721612,256,281686
944,4.00000000,1426721007,256.3041,281685
945,3.00000000,1426720742,256.3041,281684
946,0.15466003,1426720647,256.3041,281683
947,0.75014000,1426720647,256.304,281682
948,0.29086275,1426720647,255,281681
949,0.03913725,1426720609,255,281680
950,0.23900000,1426720461,254.9999,281679
951,0.24800000,1426720358,254.9999,281678
952,0.01239910,1426718553,253.9999,281677
953,0.07827454,1426718344,254.9999,281676
954,0.19700661,1426717962,254,281675
955,0.09700000,1426717879,254.9999,281674
956,0.01100000,1426717879,253.9,281673
957,0.01000000,1426717879,253.8033,281672
958,0.01200000,1426717879,253.6765,281671
959,0.15244975,1426717416,251,281670
960,0.52013882,1426717416,251,281669
961,0.31741143,1426717416,251.0001,281668
962,0.15450000,1426716567,253,281667
963,0.50000000,1426716120,250.9332,281666
964,0.12101687,1426716077,250.9332,281665
965,0.01300000,1426716009,250.9332,281664
966,0.01200000,1426715505,249.9666,281663
967,0.01551749,1426715211,250.9999,281662
968,0.50000000,1426714955,249.4809,281661
969,0.70522677,1426714839,249,281660
970,0.50000000,1426714817,249,281659
971,0.01358706,1426714817,249,281658
972,0.02267765,1426714802,250,281657
973,0.01837045,1426714802,250,281656
974,0.02074580,1426714793,250,281655
975,0.42780000,1426714790,250,281654
976,1.26700000,1426714790,250,281653
977,0.02000000,1426714790,250,281652
978,0.20387128,1426714790,250,281651
979,0.04000000,1426714790,250,281650
980,0.50000000,1426714790,250,281649
981,0.50000000,1426714790,250,281648
982,0.01824300,1426714790,250,281647
983,0.10000000,1426714790,250,281646
984,0.08023904,1426714790,250,281645
985,0.50000000,1426714790,250,281644
986,0.21548800,1426714790,250,281643
987,0.04000000,1426714781,251.2101,281642
988,0.01062354,1426714775,251,281641
989,0.39686000,1426714772,251,281640
990,2.00000000,1426714772,251.21,281639
991,1.00000000,1426714772,251.2101,281638
992,0.01009518,1426714729,253,281637
993,0.31371885,1426714659,254.9999,281636
994,0.01100000,1426714386,254.8733,281635
995,0.21061000,1426714291,252.9999,281634
996,0.10314000,1426714098,251,281633
997,0.03939498,1426713906,253,281632
998,0.10190949,1426713906,253,281631
999,0.53809051,1426713881,253,281630
1000,0.32000000,1426713874,253,281629
1001,0.01000000,1426930823,256.593,282629
1002,0.01100000,1426930823,256.6412,282628
1003,0.01300000,1426930823,256.6908,282627
1004,0.00600000,1426930823,256.7388,282626
1005,0.00600000,1426930800,256.7388,282625
1006,0.01000000,1426930800,256.7852,282624
1007,0.01200000,1426930800,256.83,282623
1008,0.01200000,1426930800,256.8733,282622
1009,1.01680361,1426929127,258.1299,282621
1010,0.01200000,1426928199,257.9918,282620
1011,0.23201900,1426926822,258.0384,282619
1012,0.77356703,1426926756,258.0384,282618
1013,0.02269560,1426926552,258.0384,282617
1014,0.01200000,1426926058,256.4392,282616
1015,0.01100000,1426926058,256.5455,282615
1016,0.08679090,1426926058,257,282614
1017,0.66800001,1426926058,257,282613
1018,0.08476693,1426926058,257,282612
1019,0.04000000,1426926037,257,282611
1020,0.04000000,1426926023,257,282610
1021,0.01100000,1426926016,257.9698,282609
1022,0.01800000,1426926016,257.9171,282608
1023,0.01500000,1426926016,257.8662,282607
1024,0.02300000,1426926016,257.8222,282606
1025,0.01800000,1426926016,257.7796,282605
1026,0.01400000,1426926016,257.7386,282604
1027,0.01100000,1426926016,257.714,282603
1028,0.01700001,1426926016,257.6752,282602
1029,0.01000000,1426926016,257.6527,282601
1030,0.01200000,1426926016,257.6309,282600
1031,0.01300000,1426926016,257.6099,282599
1032,0.01700001,1426926016,257.5896,282598
1033,0.01200000,1426926016,257.5699,282597
1034,0.01500000,1426926016,257.5509,282596
1035,0.01300000,1426925519,257.5509,282595
1036,0.05517490,1426920544,256.39,282594
1037,0.02235903,1426920520,256.39,282593
1038,0.01000000,1426920285,257.0705,282592
1039,0.01100000,1426920285,257.0475,282591
1040,0.00176469,1426920019,256.3602,282590
1041,0.01100000,1426920019,256.3795,282589
1042,0.01300000,1426920019,256.4018,282588
1043,0.02500000,1426919770,257.0943,282587
1044,0.59805447,1426919636,257,282586
1045,0.55120644,1426919537,256.9999,282585
1046,0.01300000,1426919537,256.9787,282584
1047,0.01700001,1426919537,256.9581,282583
1048,0.03300000,1426919537,256.9382,282582
1049,0.50000000,1426918825,257,282581
1050,0.29469276,1426918825,257,282580
1051,0.01100000,1426918825,257.0453,282579
1052,0.02000000,1426918825,257.0936,282578
1053,0.20000000,1426918650,258,282577
1054,0.02300000,1426918650,258.0155,282576
1055,0.01000000,1426918616,259.3953,282575
1056,0.01900000,1426918616,259.463,282574
1057,0.01100000,1426918616,259.521,282573
1058,0.03752882,1426918616,259.5457,282572
1059,0.01300000,1426918616,259.608,282571
1060,0.02000000,1426918616,259.6645,282570
1061,0.01000000,1426918616,259.71,282569
1062,0.01200000,1426918616,259.7958,282568
1063,0.01300000,1426918616,259.8441,282567
1064,0.01200000,1426918616,259.9021,282566
1065,0.01000000,1426918616,259.9408,282565
1066,0.01400000,1426918616,259.9794,282564
1067,0.01113138,1426918600,260,282563
1068,0.01200000,1426918600,260.0181,282562
1069,0.01100000,1426918600,260.0761,282561
1070,0.02000000,1426918600,260.1148,282560
1071,0.01500000,1426918600,260.1438,282559
1072,0.02200000,1426918600,260.1728,282558
1073,0.01300000,1426918600,260.2018,282557
1074,0.01600000,1426918600,260.2308,282556
1075,0.01400000,1426918600,260.2598,282555
1076,0.01200000,1426918600,260.2888,282554
1077,0.01300000,1426918600,260.3178,282553
1078,0.01200000,1426918600,260.3784,282552
1079,3.08570636,1426918600,260.39,282551
1080,0.12699241,1426918591,260.39,282550
1081,0.05987000,1426918578,260.39,282549
1082,0.01900750,1426918499,260.39,282548
1083,0.08583443,1426918200,260.39,282547
1084,0.01197000,1426918082,260.39,282546
1085,0.06685457,1426917849,260.39,282545
1086,0.11119695,1426917466,260.39,282544
1087,0.07377275,1426917432,260.39,282543
1088,0.01000000,1426917421,260.4074,282542
1089,0.01100000,1426916818,260.4074,282541
1090,0.02610202,1426916113,260.39,282540
1091,0.01200000,1426915718,260.4074,282539
1092,0.01000000,1426915188,260.4074,282538
1093,0.01100000,1426914563,260.4074,282537
1094,0.01895011,1426914480,260.39,282536
1095,0.01300000,1426914021,260.4074,282535
1096,0.01100000,1426913820,260.4074,282534
1097,0.01200000,1426913495,260.4074,282533
1098,0.03046526,1426913474,260.39,282532
1099,0.02305601,1426913406,260.39,282531
1100,0.01000000,1426913380,260.4074,282530
1101,0.02186807,1426913246,260.39,282529
1102,0.01300000,1426912776,260.4074,282528
1103,0.01300000,1426912308,260.4074,282527
1104,0.01549838,1426912178,260.39,282526
1105,0.01300000,1426912017,260.4074,282525
1106,0.01077415,1426911119,260.36,282524
1107,0.01409867,1426911108,260.36,282523
1108,0.01295254,1426910973,260.36,282522
1109,0.00050000,1426910816,260.9112,282521
1110,0.01000000,1426910816,260.8698,282520
1111,0.01000000,1426910816,260.8328,282519
1112,0.08000000,1426909823,260.36,282518
1113,0.04000000,1426909809,260.36,282517
1114,0.32000000,1426909786,260.36,282516
1115,0.16000000,1426909771,260.36,282515
1116,0.08000000,1426909759,260.36,282514
1117,0.04000000,1426909745,260.36,282513
1118,0.01200000,1426909618,260.3758,282512
1119,0.01300000,1426909118,260.3758,282511
1120,0.04000000,1426908543,260.36,282510
1121,0.16000000,1426907361,260.36,282509
1122,0.08000000,1426907348,260.36,282508
1123,0.04000000,1426907336,260.36,282507
1124,0.01100000,1426907218,260.3468,282506
1125,0.08000000,1426905581,260.27,282505
1126,0.04000000,1426905567,260.27,282504
1127,0.03743132,1426903963,260.09,282503
1128,0.05800000,1426903953,260.09,282502
1129,0.01600000,1426903168,260.0638,282501
1130,0.01400000,1426903017,260.0444,282500
1131,0.01700001,1426902702,260.0444,282499
1132,0.10000000,1426902233,260.463,282498
1133,0.04000000,1426901916,260.03,282497
1134,0.04000000,1426901893,260.03,282496
1135,0.59778498,1426901878,260.03,282495
1136,0.08000000,1426901868,260.03,282494
1137,0.04000000,1426901854,260.03,282493
1138,0.08000000,1426901829,260.03,282492
1139,0.04000000,1426901814,260.03,282491
1140,0.01700001,1426900019,259.855,282490
1141,0.02095785,1426899758,260,282489
1142,0.08000000,1426899453,259.85,282488
1143,0.04000000,1426899440,259.85,282487
1144,0.60000000,1426899050,259.81,282486
1145,0.01100000,1426898816,259.768,282485
1146,0.04000000,1426898681,259.76,282484
1147,0.04000000,1426898658,259.76,282483
1148,0.01000000,1426898331,259.992,282482
1149,0.28796140,1426897919,260,282481
1150,0.01000000,1426897889,260,282480
1151,0.94100000,1426896983,260,282479
1152,0.07015000,1426896919,260,282478
1153,1.76181353,1426896339,259.67,282477
1154,0.00303000,1426895692,261,282476
1155,0.01100000,1426895692,260.951,282475
1156,0.01900000,1426895344,259.5747,282474
1157,0.01900000,1426894830,259.5457,282473
1158,0.29242307,1426894605,260,282472
1159,0.01000000,1426894161,259.47,282471
1160,0.01385167,1426893937,260,282470
1161,0.07443978,1426893150,261,282469
1162,0.00199694,1426893150,259.4106,282468
1163,0.01200306,1426893088,259.4106,282467
1164,0.01100000,1426893077,259.3424,282466
1165,0.01600000,1426893057,259.3302,282465
1166,0.01200000,1426893057,259.2464,282464
1167,0.01200000,1426893057,259.1623,282463
1168,0.01800000,1426893057,259.0602,282462
1169,0.01300000,1426893057,258.9615,282461
1170,0.01000000,1426893057,258.8693,282460
1171,0.01400000,1426892951,258.786,282459
1172,0.01600000,1426892951,258.7108,282458
1173,0.01600000,1426892951,258.6381,282457
1174,0.01300000,1426892920,258.5678,282456
1175,0.01100000,1426892869,258.4998,282455
1176,0.02000000,1426892869,258.4341,282454
1177,0.01700001,1426892869,258.377,282453
1178,0.01200000,1426892869,258.3198,282452
1179,0.01600000,1426892869,258.2665,282451
1180,0.00730000,1426892869,258.215,282450
1181,0.01300000,1426892816,258.0555,282449
1182,0.01200000,1426892249,258.0362,282448
1183,0.00270000,1426892243,258.215,282447
1184,0.01700001,1426892243,258.1745,282446
1185,0.01200000,1426891833,258.0155,282445
1186,0.30523000,1426891621,258.174,282444
1187,0.01100000,1426891621,258.1374,282443
1188,0.01200000,1426891621,258.1021,282442
1189,0.01440380,1426891621,258.0679,282441
1190,0.01200000,1426891613,258.0119,282440
1191,0.01600000,1426891024,258.0119,282439
1192,0.01100000,1426890540,258.0119,282438
1193,0.01500000,1426890415,258.0119,282437
1194,0.00259621,1426889627,258.0679,282436
1195,0.01000000,1426889627,258.0335,282435
1196,0.01200000,1426889627,258.0002,282434
1197,0.01100000,1426889627,257.968,282433
1198,0.01700001,1426889627,257.938,282432
1199,0.01200000,1426889627,257.909,282431
1200,0.01100000,1426889627,257.8787,282430
1201,0.00197001,1426889627,257.8161,282429
1202,0.01702999,1426889185,257.8161,282428
1203,0.02100000,1426889185,257.7579,282427
1204,0.00197001,1426889185,257.7016,282426
1205,0.01302999,1426889161,257.7016,282425
1206,0.01100000,1426889161,257.6472,282424
1207,0.01597001,1426889161,257.5966,282423
1208,0.00103000,1426888065,257.5966,282422
1209,0.01100000,1426888065,257.5477,282421
1210,0.15098583,1426884446,256,282420
1211,1.16000000,1426884446,256.1,282419
1212,0.01300000,1426884446,256.1955,282418
1213,0.01300000,1426884446,256.2846,282417
1214,0.01600000,1426884446,256.3708,282416
1215,0.01300000,1426884446,256.4513,282415
1216,0.01100000,1426884446,256.5291,282414
1217,0.01000000,1426884446,256.6611,282413
1218,0.01200000,1426884446,256.7202,282412
1219,0.03498809,1426884446,257,282411
1220,0.52102608,1426884446,257,282410
1221,0.01200000,1426884446,257.0293,282409
1222,0.01800000,1426884446,257.0576,282408
1223,0.01500000,1426884446,257.085,282407
1224,0.01443617,1426883662,257,282406
1225,0.01000000,1426883662,257.0356,282405
1226,0.01300000,1426883662,257.0667,282404
1227,0.02290130,1426881712,257,282403
1228,0.01300000,1426881712,257.0391,282402
1229,0.01100000,1426881712,257.0769,282401
1230,0.01100000,1426881712,257.1099,282400
1231,0.01203000,1426880495,258.174,282399
1232,0.04674000,1426879999,258.174,282398
1233,0.01400000,1426879999,258.1255,282397
1234,0.01400000,1426879999,258.0787,282396
1235,0.01600000,1426879648,258.0761,282395
1236,0.01000000,1426879613,258.0761,282394
1237,0.12346856,1426878541,257,282393
1238,0.03778498,1426872378,256.1,282392
1239,0.01100000,1426872378,256.5655,282391
1240,0.01000000,1426872378,256.6288,282390
1241,0.01800000,1426872378,256.7245,282389
1242,0.01800000,1426871825,256.817,282388
1243,0.01300000,1426871825,256.898,282387
1244,0.03667056,1426870194,258,282386
1245,0.01400000,1426870194,258.028,282385
1246,0.01105100,1426870194,258.0776,282384
1247,0.01100000,1426870194,258.1255,282383
1248,0.01100000,1426870194,258.1718,282382
1249,0.00594901,1426869929,258.0776,282381
1250,0.01200000,1426869929,258.1255,282380
1251,0.01900000,1426869929,258.1718,282379
1252,0.01200000,1426868389,258.0364,282378
1253,0.04735179,1426867947,259,282377
1254,0.01000001,1426867944,259.0284,282376
1255,0.00199999,1426867921,259.0284,282375
1256,0.01400000,1426867921,259.0559,282374
1257,0.01700001,1426867921,259.0825,282373
1258,0.00700000,1426867921,259.1073,282372
1259,0.00500000,1426867898,259.1073,282371
1260,0.01000000,1426867898,259.1305,282370
1261,0.01300000,1426867898,259.1529,282369
1262,0.01200000,1426867898,259.221,282368
1263,12.65356815,1426867824,261.1951,282367
1264,0.01100000,1426867824,261.0859,282366
1265,0.01000000,1426867824,261.023,282365
1266,2.74458422,1426867824,261,282364
1267,0.52965137,1426867824,261,282363
1268,0.77091618,1426867824,261,282362
1269,0.55553615,1426867824,261,282361
1270,1.11511112,1426867824,261,282360
1271,0.30113200,1426867824,261,282359
1272,0.01200000,1426867824,260.9622,282358
1273,0.00486747,1426867824,260.9034,282357
1274,0.01000000,1426867824,260.8466,282356
1275,0.01000000,1426867824,260.7997,282355
1276,0.01100000,1426867824,260.758,282354
1277,0.01100000,1426867824,260.7177,282353
1278,0.01400000,1426867824,260.6786,282352
1279,0.01400000,1426867824,260.5959,282351
1280,0.13000000,1426867824,260,282350
1281,0.13492330,1426867824,259.9133,282349
1282,0.01900000,1426867824,259.8829,282348
1283,0.01900000,1426867824,259.8535,282347
1284,0.01800000,1426867824,259.8278,282346
1285,0.01200000,1426867824,259.8038,282345
1286,0.05264821,1426865182,259,282344
1287,0.01813000,1426865182,259.5,282343
1288,0.01100000,1426864721,259.8995,282342
1289,0.01300000,1426864608,259.8995,282341
1290,0.01500000,1426864198,259.9833,282340
1291,0.01000000,1426864009,259.5133,282339
1292,0.01600000,1426863561,259.5124,282338
1293,1.02333495,1426863497,259.8729,282337
1294,0.02300000,1426863407,259.5124,282336
1295,0.37000000,1426863343,259.87,282335
1296,0.05987000,1426863255,259.5,282334
1297,0.30300000,1426863200,259.8729,282333
1298,0.01200000,1426863200,259.8644,282332
1299,0.01200000,1426863200,259.7334,282331
1300,0.01100000,1426863200,259.6482,282330
1301,0.02300000,1426863200,259.563,282329
1302,0.01900000,1426863200,259.5218,282328
1303,0.01200000,1426863143,259.472,282327
1304,0.01800000,1426863090,259.4563,282326
1305,0.01300000,1426862990,259.4563,282325
1306,0.01200000,1426862807,259.0157,282324
1307,0.06674804,1426861743,259,282323
1308,0.00303000,1426861743,259.018,282322
1309,0.01600000,1426861662,259.505,282321
1310,0.01197000,1426861294,259.018,282320
1311,1.12600000,1426861263,259.5392,282319
1312,0.11535829,1426861221,259.5392,282318
1313,0.01300000,1426861191,259.0354,282317
1314,0.07262872,1426861168,259.5392,282316
1315,0.00197000,1426861123,259,282315
1316,0.01000000,1426861123,259.018,282314
1317,0.01300000,1426860620,259.5218,282313
1318,0.01236807,1426860372,259.5392,282312
1319,0.44600000,1426860272,259.5392,282311
1320,0.03845276,1426860142,259.5392,282310
1321,0.98875237,1426860123,259.5392,282309
1322,0.01100000,1426860123,259.442,282308
1323,0.04000000,1426860060,259,282307
1324,0.02100000,1426859961,259,282306
1325,0.02400000,1426859943,259.4273,282305
1326,0.10450000,1426859931,258.9999,282304
1327,0.01668196,1426859931,258.8389,282303
1328,0.00231804,1426859391,258.8389,282302
1329,0.01000000,1426859391,258.7475,282301
1330,0.01600000,1426859391,258.6726,282300
1331,0.01500000,1426859391,258.6002,282299
1332,0.01800000,1426859391,258.5302,282298
1333,0.01600000,1426859391,258.4659,282297
1334,0.02722687,1426857376,256.5,282296
1335,0.01200000,1426857376,256.57,282295
1336,0.01100000,1426857376,256.6377,282294
1337,0.13600001,1426856773,256,282293
1338,0.01100000,1426856735,256.0978,282292
1339,0.01528939,1426855637,255.9334,282291
1340,0.12480000,1426855637,255.94,282290
1341,0.01100000,1426855637,256.0139,282289
1342,0.01500000,1426855637,256.1073,282288
1343,0.01100000,1426855637,256.2011,282287
1344,0.01300000,1426855637,256.2918,282286
1345,0.01100000,1426855637,256.3794,282285
1346,0.01400000,1426855637,256.4641,282284
1347,0.01200000,1426855637,256.546,282283
1348,0.06000000,1426855637,256.55,282282
1349,0.01300000,1426855637,256.6561,282281
1350,0.00937061,1426855637,257.0911,282280
1351,0.00162939,1426855486,257.0911,282279
1352,0.01100000,1426855486,257.1792,282278
1353,0.26125000,1426853029,259.7331,282277
1354,3.15800000,1426851927,258.9213,282276
1355,0.01000000,1426851927,258.8337,282275
1356,0.01000000,1426851927,258.749,282274
1357,0.26700000,1426851204,258.9212,282273
1358,0.01200000,1426851204,258.8244,282272
1359,0.01000000,1426851204,258.7309,282271
1360,0.01100000,1426851204,258.6405,282270
1361,1.05124648,1426848652,258.9973,282269
1362,0.01800000,1426848652,258.8977,282268
1363,0.01500000,1426848652,258.7989,282267
1364,0.02000000,1426848652,258.7034,282266
1365,0.02000000,1426848652,258.6111,282265
1366,0.01100000,1426848652,258.5218,282264
1367,0.01000000,1426848652,258.4355,282263
1368,0.01100000,1426848652,258.3521,282262
1369,0.57813937,1426848103,257.8645,282261
1370,0.01100000,1426848082,257.8667,282260
1371,0.01200000,1426847986,257.8829,282259
1372,0.02100000,1426847390,257.9311,282258
1373,0.01400000,1426847351,257.8688,282257
1374,0.01400000,1426847322,257.8688,282256
1375,0.01000000,1426846628,257.8667,282255
1376,0.01000000,1426846607,257.8667,282254
1377,0.06000000,1426846531,257.8645,282253
1378,0.01200000,1426846126,257.9289,282252
1379,0.01100000,1426845584,257.9289,282251
1380,0.01200000,1426845544,257.9289,282250
1381,0.01100000,1426845270,257.8645,282249
1382,0.03366417,1426843694,255.9333,282248
1383,0.01300000,1426843642,256.0355,282247
1384,0.04000000,1426842465,256,282246
1385,0.08000000,1426842420,256,282245
1386,0.04000000,1426842407,256,282244
1387,0.01200000,1426842405,255.9355,282243
1388,0.55553615,1426842405,256,282242
1389,1.00000000,1426842401,256.0001,282241
1390,0.11677238,1426842345,257.9108,282240
1391,0.04322762,1426842036,257.9108,282239
1392,0.32000000,1426842036,257.9108,282238
1393,0.37646914,1426842036,257.9108,282237
1394,0.01400000,1426842036,257.9777,282236
1395,0.01400000,1426841997,258.1001,282235
1396,0.01500000,1426841997,258.1968,282234
1397,0.01000000,1426841890,259.0667,282233
1398,0.01163957,1426841890,259.134,282232
1399,0.01000000,1426841890,259.193,282231
1400,0.01100000,1426841890,259.2549,282230
1401,0.01100000,1426841890,259.3129,282229
1402,0.01000000,1426841890,259.3709,282228
1403,0.01100000,1426841890,259.4289,282227
1404,0.01300000,1426841890,259.4853,282226
1405,0.01100000,1426841890,259.5433,282225
1406,0.01100000,1426841367,259.5585,282224
1407,0.01100000,1426840606,259.985,282223
1408,0.01000000,1426840176,259.5585,282222
1409,0.01200000,1426840007,259.5585,282221
1410,0.00613253,1426831000,260.9034,282220
1411,0.01000000,1426831000,259.9733,282219
1412,0.00236043,1426829282,259.134,282218
1413,0.00843723,1426829282,259.1991,282217
1414,0.00356277,1426827633,259.1991,282216
1415,0.01100000,1426827633,259.2559,282215
1416,0.00670031,1426822191,261,282214
1417,0.01100000,1426822075,260.9356,282213
1418,0.14624818,1426819467,261,282212
1419,0.72208815,1426819467,261,282211
1420,0.01200000,1426819231,260.9967,282210
1421,0.01300000,1426819199,260.9,282209
1422,0.02500000,1426819190,261,282208
1423,0.01600000,1426819167,260.9,282207
1424,0.01600000,1426819167,260.8033,282206
1425,0.47796934,1426818987,261,282205
1426,0.14633077,1426818919,258.0001,282204
1427,0.01891202,1426818919,258.0001,282203
1428,0.01100000,1426818919,258.0639,282202
1429,0.01300000,1426818919,258.1237,282201
1430,0.01500000,1426818919,258.2164,282200
1431,0.01100000,1426818919,258.3092,282199
1432,0.01200000,1426818919,258.3989,282198
1433,0.01000000,1426818919,258.4856,282197
1434,0.30593869,1426817606,261,282196
1435,0.06524904,1426816464,261,282195
1436,0.01100000,1426816413,260.9041,282194
1437,0.00375478,1426815961,261,282193
1438,0.10860824,1426815961,260.999999,282192
1439,0.01700001,1426815961,259.9719,282191
1440,0.01100000,1426815961,259.9447,282190
1441,0.00197000,1426815961,259.9184,282189
1442,0.01100000,1426815961,259.8566,282188
1443,0.26353086,1426814952,257.9108,282187
1444,1.14279681,1426814952,257.9108,282186
1445,0.01100000,1426814952,257.9777,282185
1446,0.13720319,1426814552,257.9108,282184
1447,0.19770207,1426814501,258,282183
1448,0.01000000,1426814501,258.0317,282182
1449,0.01200000,1426814501,258.1387,282181
1450,0.01600000,1426814501,258.2007,282180
1451,0.01100000,1426814501,259.0333,282179
1452,0.01100000,1426814501,259.0655,282178
1453,0.01500000,1426814501,259.0967,282177
1454,0.01200000,1426814501,259.1268,282176
1455,0.01000000,1426814501,259.1559,282175
1456,0.50000000,1426814456,259.5,282174
1457,0.01200000,1426813922,259.9045,282173
1458,0.01000000,1426813604,259.5139,282172
1459,0.01203000,1426813300,259.9184,282171
1460,0.01000000,1426813171,259.9045,282170
1461,0.17362771,1426812079,260,282169
1462,0.11272136,1426812079,260,282168
1463,0.04727864,1426811178,260,282167
1464,0.08000000,1426811178,260,282166
1465,0.04000000,1426811178,260,282165
1466,0.64000000,1426811178,260,282164
1467,0.05812136,1426811178,260,282163
1468,0.01700001,1426811106,259.9667,282162
1469,0.02813000,1426810654,260,282161
1470,0.01900000,1426810654,259.94,282160
1471,0.01300000,1426810654,259.882,282159
1472,0.01600000,1426810257,259,282158
1473,0.01000000,1426810257,259.55,282157
1474,0.01000000,1426810257,259.5983,282156
1475,0.01400000,1426810257,259.6117,282155
1476,0.01100000,1426810253,259.6246,282154
1477,0.01400000,1426810065,259.9871,282153
1478,0.01600000,1426810000,259.9871,282152
1479,0.01700001,1426809400,259.6117,282151
1480,0.01100000,1426809168,259.6117,282150
1481,0.01100000,1426809122,259.6117,282149
1482,0.01600000,1426808956,259.6117,282148
1483,0.01200000,1426808799,259.6117,282147
1484,0.23374864,1426808663,260,282146
1485,0.16000000,1426808650,260,282145
1486,0.08000000,1426808634,260,282144
1487,0.04000000,1426808622,260,282143
1488,0.64000000,1426808598,260,282142
1489,0.32000000,1426808584,260,282141
1490,0.16000000,1426808571,260,282140
1491,0.08000000,1426808558,260,282139
1492,0.02600000,1426808544,260,282138
1493,0.01400000,1426808544,260.0333,282137
1494,0.00301291,1426808469,260,282136
1495,0.01200000,1426808469,260.0322,282135
1496,0.01930663,1426808365,260.999999,282134
1497,0.00569337,1426808365,260.966699,282133
1498,0.00630663,1426808330,260.966699,282132
1499,0.01500000,1426808330,260.935599,282131
1500,0.01369338,1426808330,260.905499,282130
1501,0.00030662,1426808297,260.905499,282129
1502,0.01200000,1426808297,260.876399,282128
1503,0.03831421,1426807309,260,282127
1504,0.06400000,1426807112,260,282126
1505,0.01500000,1426807112,260.0333,282125
1506,0.00100000,1426807112,260.0644,282124
1507,0.01000000,1426807099,260.0644,282123
1508,0.01500000,1426807099,260.0956,282122
1509,0.01500000,1426807099,260.1257,282121
1510,0.12849112,1426806425,260.999999,282120
1511,0.17408238,1426806425,260.9999,282119
1512,0.39881762,1426806370,260.9999,282118
1513,0.42710000,1426806142,260.9999,282117
1514,0.01100000,1426806142,260.9677,282116
1515,0.01000000,1426806142,260.9376,282115
1516,1.90560000,1426805037,260,282114
1517,0.23537000,1426804547,260.9999,282113
1518,0.01200000,1426804547,260.9166,282112
1519,0.01700001,1426804547,260.836,282111
1520,0.01100000,1426804547,259.989,282110
1521,0.01000000,1426803953,258.5,282109
1522,0.01984368,1426803186,259,282108
1523,0.44170905,1426802834,259,282107
1524,0.01100000,1426802816,260.901099,282106
1525,0.70589929,1426802531,259,282105
1526,0.04501607,1426802531,260.6841,282104
1527,0.01400000,1426802408,260.989499,282103
1528,0.01300000,1426802236,260.989499,282102
1529,0.02978689,1426802050,260.999999,282101
1530,0.01700001,1426801720,260.6946,282100
1531,0.01400000,1426801596,260.6946,282099
1532,0.09574712,1426801593,260.999999,282098
1533,0.02300000,1426801593,260.967799,282097
1534,0.01130000,1426801593,260.869899,282096
1535,0.02300000,1426801593,260.775299,282095
1536,0.01200000,1426801226,260.772299,282094
1537,0.01859000,1426801217,260.6841,282093
1538,0.01200000,1426800997,260.6871,282092
1539,0.01300000,1426800993,260.684099,282091
1540,0.00170000,1426800415,260.869899,282090
1541,0.01000000,1426800415,260.775299,282089
1542,0.01400000,1426799863,260,282088
1543,0.01900000,1426799863,259.9344,282087
1544,0.01800000,1426799863,259.9033,282086
1545,0.01100000,1426799752,260.0333,282085
1546,0.01203000,1426799331,260.999999,282084
1547,0.01203000,1426799265,260.999999,282083
1548,0.09400000,1426799229,260.999999,282082
1549,0.01400000,1426799229,260.2177,282081
1550,1.89061203,1426799199,258.9517,282080
1551,0.01203000,1426799196,258.9517,282079
1552,0.01403000,1426799191,258.9517,282078
1553,0.01100000,1426799019,257.9517,282077
1554,0.01000000,1426798981,256.4533,282076
1555,0.02100000,1426798946,255.9333,282075
1556,0.01700001,1426798946,255.4176,282074
1557,0.01200000,1426798946,255.337,282073
1558,0.01100000,1426798946,255.2924,282072
1559,0.01100000,1426798946,255.2493,282071
1560,0.01600000,1426798946,255.2077,282070
1561,0.00497000,1426798946,255.1674,282069
1562,0.00603000,1426798941,255.1674,282068
1563,0.00600000,1426798941,255.1285,282067
1564,0.02000000,1426798821,255.1285,282066
1565,0.02200000,1426798777,255.1242,282065
1566,0.01300000,1426797605,255.2827,282064
1567,0.35354069,1426796618,255.501,282063
1568,0.02000000,1426796618,253.9158,282062
1569,0.01200000,1426796618,253.8946,282061
1570,0.01400000,1426796618,253.8648,282060
1571,0.01100000,1426796618,253.836,282059
1572,0.01000000,1426795916,253.0957,282058
1573,0.01100000,1426795916,253.1882,282057
1574,0.01100000,1426795916,253.2776,282056
1575,0.03200000,1426795916,253.28,282055
1576,0.04000000,1426795903,253.28,282054
1577,0.16000000,1426795879,253.28,282053
1578,0.08000000,1426795866,253.28,282052
1579,0.04000000,1426795850,253.28,282051
1580,0.08000000,1426795716,253.28,282050
1581,0.02900000,1426795703,253.28,282049
1582,0.01100000,1426795703,253.304,282048
1583,0.45770000,1426795196,253.999,282047
1584,0.03900000,1426794771,253.28,282046
1585,0.01000000,1426794771,253.354,282045
1586,2.07433242,1426794743,254,282044
1587,0.08000000,1426794741,254,282043
1588,0.04000000,1426794728,254,282042
1589,0.04000000,1426794715,254,282041
1590,0.07200000,1426794659,254,282040
1591,0.40000000,1426794477,255.1,282039
1592,0.46000000,1426794456,256,282038
1593,0.04000000,1426794447,256,282037
1594,0.01530121,1426793898,256.5,282036
1595,0.04000000,1426793875,256.5,282035
1596,0.08000000,1426793852,256.5,282034
1597,0.04000000,1426793839,256.5,282033
1598,0.04000000,1426793796,256.5,282032
1599,0.08000000,1426793582,256.5,282031
1600,0.02900000,1426793567,256.5,282030
1601,0.01100000,1426793567,256.55,282029
1602,0.00200000,1426793064,257,282028
1603,0.01100000,1426793064,257.0915,282027
1604,0.01300000,1426793064,257.1878,282026
1605,0.01400000,1426793064,257.2149,282025
1606,0.51440523,1426792143,259.9805,282024
1607,0.17269477,1426792143,259.9804,282023
1608,0.00190000,1426792143,259.9689,282022
1609,0.01100000,1426792143,259.8533,282021
1610,0.02100000,1426792108,259.7415,282020
1611,0.43825146,1426791310,257,282019
1612,0.02212687,1426791307,257,282018
1613,0.03962167,1426791307,257,282017
1614,0.05549951,1426791207,257,282016
1615,0.04450049,1426791207,258,282015
1616,1.60347587,1426791118,258,282014
1617,0.19766396,1426791118,258,282013
1618,0.52186017,1426791118,258,282012
1619,0.01500000,1426791118,258.0633,282011
1620,0.01300000,1426791118,258.1225,282010
1621,0.01400000,1426791118,258.184,282009
1622,0.01100000,1426791118,258.2435,282008
1623,0.01200000,1426791118,258.301,282007
1624,0.01200000,1426791118,258.3566,282006
1625,0.01010000,1426789941,259.9689,282005
1626,0.01100000,1426789941,259.9388,282004
1627,0.08000000,1426789855,259.9,282003
1628,0.04000000,1426789842,259.9,282002
1629,0.30459077,1426789817,259.9,282001
1630,0.01200000,1426789817,259.8388,282000
1631,0.33198741,1426788907,258,281999
1632,0.27000886,1426788741,257.5,281998
1633,0.01300000,1426788741,257.5636,281997
1634,0.02200373,1426788741,257.62,281996
1635,0.01200000,1426788741,257.6251,281995
1636,0.01400000,1426788741,257.6845,281994
1637,0.01100000,1426788741,257.755,281993
1638,0.01900000,1426788741,257.8232,281992
1639,0.01100000,1426788741,257.8891,281991
1640,0.01400000,1426788741,257.9528,281990
1641,0.01200000,1426788712,258.0144,281989
1642,0.01400000,1426788712,258.0739,281988
1643,0.01200000,1426788712,258.1295,281987
1644,0.01100000,1426788712,258.1833,281986
1645,0.01100000,1426788712,258.2372,281985
1646,0.01100000,1426788712,258.396,281984
1647,0.01100000,1426788712,259.0667,281983
1648,2.68947182,1426788361,260,281982
1649,2.56000000,1426788347,260,281981
1650,1.28000000,1426788334,260,281980
1651,0.64000000,1426788321,260,281979
1652,0.32000000,1426788308,260,281978
1653,0.16000000,1426788295,260,281977
1654,0.06100000,1426788252,260.0002,281976
1655,0.01515595,1426788226,260.0002,281975
1656,4.00115988,1426788099,260,281974
1657,0.16021710,1426788099,260.0002,281973
1658,0.01100000,1426787965,261.1233,281972
1659,0.00400002,1426787965,261.2424,281971
1660,0.01299999,1426787941,261.2424,281970
1661,0.01700001,1426787941,262.0637,281969
1662,0.01000000,1426787941,262.1253,281968
1663,0.31756749,1426786978,263.9124,281967
1664,1.14000000,1426786386,263.9124,281966
1665,3.41000000,1426786352,263.9124,281965
1666,0.01976601,1426785761,263,281964
1667,0.01484687,1426785753,266.982,281963
1668,0.01715313,1426785753,265,281962
1669,0.01100000,1426785753,264.8333,281961
1670,0.01715313,1426785224,262,281960
1671,0.67459834,1426785056,266.9885,281959
1672,0.09100000,1426785056,266.5405,281958
1673,0.04700514,1426785056,265,281957
1674,0.13782918,1426785056,264,281956
1675,0.10789719,1426785056,261,281955
1676,0.01000000,1426785056,260.9356,281954
1677,0.01100000,1426785056,260.8733,281953
1678,0.01000000,1426785056,260.8131,281952
1679,1.00000000,1426783541,261.0001,281951
1680,0.10661455,1426783517,261,281950
1681,0.50000000,1426783502,264,281949
1682,0.30271649,1426783461,261,281948
1683,0.30000000,1426783453,264,281947
1684,0.10408139,1426783431,261,281946
1685,0.20299486,1426783422,265,281945
1686,2.00000000,1426783422,265,281944
1687,0.09339497,1426783422,264.99,281943
1688,0.10361017,1426783422,264,281942
1689,0.42389610,1426783367,261,281941
1690,0.10413082,1426783362,261,281940
1691,0.31660503,1426783356,264.99,281939
1692,0.20000000,1426783356,264.8,281938
1693,1.00425071,1426783356,263,281937
1694,0.27914426,1426783356,263,281936
1695,0.02914426,1426782530,260,281935
1696,0.02636131,1426782508,264,281934
1697,0.15883856,1426782508,263.3816,281933
1698,0.01400000,1426782508,263.132,281932
1699,0.04540408,1426782508,263,281931
1700,0.01000000,1426782508,260.7487,281930
1701,0.01100000,1426782508,260.653,281929
1702,0.08900000,1426782459,259.9999,281928
1703,0.40000000,1426782454,259.99,281927
1704,0.21578138,1426782448,259.8,281926
1705,1.03061202,1426782380,259,281925
1706,0.22678983,1426782372,259.8,281924
1707,0.30057748,1426781206,259.7999,281923
1708,0.00888252,1426781206,259.7425,281922
1709,0.00211748,1426779735,259.7425,281921
1710,0.01000000,1426779735,259.6869,281920
1711,0.01024001,1426778146,258,281919
1712,0.14689357,1426777758,259.6096,281918
1713,0.01060643,1426777753,259.6096,281917
1714,0.01100000,1426777751,259.5399,281916
1715,0.01100000,1426777751,259.4724,281915
1716,0.01300000,1426777751,259.4071,281914
1717,0.01100000,1426777751,259.3497,281913
1718,0.01100000,1426777751,259.2942,281912
1719,0.06938805,1426776507,257.5,281911
1720,0.01100000,1426776507,257.5143,281910
1721,0.25154833,1426775696,259.31,281909
1722,0.01300000,1426775525,259.5997,281908
1723,0.01900000,1426775445,259.5997,281907
1724,0.01200000,1426775196,259.32,281906
1725,0.11873606,1426774997,259.31,281905
1726,0.52871560,1426774980,259.31,281904
1727,0.01600000,1426774913,259.32,281903
1728,0.28000001,1426774858,259.31,281902
1729,0.24290000,1426774745,258.9999,281901
1730,0.01000000,1426774745,257.9086,281900
1731,0.01000000,1426774745,257.7913,281899
1732,0.01000000,1426774745,257.7653,281898
1733,0.00100000,1426774745,257.7653,281897
1734,0.01300000,1426774745,257.64,281896
1735,0.01100000,1426774719,257.52,281895
1736,0.02183593,1426774096,256,281894
1737,0.01300000,1426774096,255.8711,281893
1738,0.01000000,1426774096,255.7846,281892
1739,0.01100000,1426774096,255.5871,281891
1740,0.01100000,1426774096,255.5129,281890
1741,0.01100000,1426774096,255.4461,281889
1742,0.01582324,1426774096,255.1,281888
1743,0.25000000,1426766636,253,281887
1744,0.01800000,1426765695,254,281886
1745,0.01500000,1426765695,253.9528,281885
1746,0.01200000,1426765695,253.9072,281884
1747,0.01200000,1426765695,253.8631,281883
1748,0.01400000,1426764121,253.9528,281882
1749,2.00000000,1426762257,252,281881
1750,0.43169357,1426762116,252,281880
1751,1.00000000,1426762116,252.0001,281879
1752,0.01459083,1426762116,252.0667,281878
1753,0.01000000,1426762116,252.1294,281877
1754,0.52871560,1426762028,253,281876
1755,0.01500000,1426762028,253.121,281875
1756,0.72492330,1426761942,256.6301,281874
1757,9.47500000,1426761874,256.6301,281873
1758,0.01000000,1426761874,256.63,281872
1759,0.01000000,1426761874,256.5622,281871
1760,0.01100000,1426761874,253.9736,281870
1761,0.01400000,1426761874,253.9481,281869
1762,0.00040917,1426760998,252.0667,281868
1763,0.01600000,1426760998,252.1978,281867
1764,0.00759084,1426760998,253.126,281866
1765,0.01100000,1426760998,253.2073,281865
1766,0.01200000,1426760927,254.1063,281864
1767,0.01173607,1426760927,254.5931,281863
1768,0.01100000,1426760927,254.6587,281862
1769,0.01551645,1426760927,254.7,281861
1770,0.00126394,1426760310,254.5931,281860
1771,0.07873606,1426760310,254.5931,281859
1772,0.04000000,1426760297,254.5931,281858
1773,0.00099999,1426760173,254.5931,281857
1774,0.01000000,1426760173,254.76,281856
1775,0.01200000,1426760173,256.043,281855
1776,0.01700001,1426760173,256.0817,281854
1777,0.48378521,1426759798,257.76,281853
1778,0.32000000,1426759783,257.76,281852
1779,0.16000000,1426759770,257.76,281851
1780,0.04300000,1426759759,257.76,281850
1781,0.08000000,1426759756,257.76,281849
1782,0.04000000,1426759743,257.76,281848
1783,0.01200000,1426759724,257.7651,281847
1784,2.56000000,1426759718,257.76,281846
1785,1.28000000,1426759703,257.76,281845
1786,0.64000000,1426759691,257.76,281844
1787,0.32000000,1426759677,257.76,281843
1788,0.16000000,1426759664,257.76,281842
1789,0.08000000,1426759651,257.76,281841
1790,0.04000000,1426759636,257.76,281840
1791,0.01000000,1426759590,257.7651,281839
1792,0.01366197,1426759533,257.76,281838
1793,0.01000000,1426759133,257.7653,281837
1794,2.71880077,1426759078,257.01,281836
1795,2.56377062,1426759074,257.01,281835
1796,0.09708171,1426758761,257,281834
1797,0.02600000,1426758477,256.05,281833
1798,0.02600000,1426758411,256.05,281832
1799,0.04614785,1426758101,257,281831
1800,0.01300000,1426757975,254.67,281830
1801,0.01300000,1426757975,254.738,281829
1802,0.21857000,1426757717,254.49,281828
1803,0.48000000,1426757695,257,281827
1804,0.14731517,1426757359,257,281826
1805,0.01700001,1426757359,256.9003,281825
1806,0.01700001,1426757359,256.8076,281824
1807,0.01300000,1426757359,256.727,281823
1808,0.31741143,1426757066,254.32,281822
1809,0.04402343,1426756132,256,281821
1810,0.01000000,1426756132,255.905,281820
1811,0.01200000,1426756132,255.8418,281819
1812,0.01200000,1426756132,255.7807,281818
1813,0.02600000,1426755552,254.01,281817
1814,0.02513161,1426754533,254,281816
1815,0.01000000,1426754454,254,281815
1816,0.12912400,1426754261,256,281814
1817,0.46039389,1426754261,255,281813
1818,0.01600000,1426754261,254.967,281812
1819,0.05050583,1426753301,257,281811
1820,0.31322429,1426753297,257,281810
1821,0.46440000,1426753288,256.9999,281809
1822,0.00721184,1426753259,253.126,281808
1823,0.01000000,1426753259,255.1001,281807
1824,0.01200000,1426753259,255.1634,281806
1825,0.01000000,1426753259,255.258,281805
1826,0.01200000,1426753259,255.3464,281804
1827,0.01200000,1426752936,255.4015,281803
1828,0.09640000,1426752924,257,281802
1829,0.33400001,1426751934,258,281801
1830,0.07156187,1426750910,258,281800
1831,0.05742879,1426750776,259.8,281799
1832,0.09826000,1426750776,259.7999,281798
1833,0.01100000,1426750776,256.8752,281797
1834,0.01500000,1426750776,256.7502,281796
1835,0.01100000,1426750776,255.9042,281795
1836,0.00019732,1426750197,253.126,281794
1837,0.01000000,1426750197,253.2551,281793
1838,0.04700000,1426749695,253.0001,281792
1839,0.01200000,1426749695,253.1261,281791
1840,1.13284046,1426749432,257,281790
1841,1.00000000,1426749432,256.9999,281789
1842,0.43213882,1426749432,256,281788
1843,0.17721573,1426749432,256,281787
1844,0.13575857,1426749201,253.0002,281786
1845,0.02200000,1426749201,254.1333,281785
1846,0.80000000,1426748951,256.9999,281784
1847,0.60935456,1426748874,257,281783
1848,0.01690179,1426748697,255,281782
1849,0.15600000,1426748646,256,281781
1850,0.01000000,1426748646,254.9333,281780
1851,0.01100000,1426748646,254.8731,281779
1852,0.01200000,1426748646,254.8149,281778
1853,0.01100000,1426748646,254.7586,281777
1854,0.60600000,1426748362,251.0001,281776
1855,0.04687092,1426748341,251.0001,281775
1856,0.01100000,1426748269,253.9709,281774
1857,0.01000000,1426748269,252.9035,281773
1858,0.01200000,1426748001,250.8688,281772
1859,0.01000000,1426748001,250.7421,281771
1860,0.01200000,1426747460,248.9337,281770
1861,0.00399902,1426747460,248.8719,281769
1862,0.00492942,1426747435,248.8719,281768
1863,0.03507058,1426747435,248.8,281767
1864,0.01000000,1426746470,247.08,281766
1865,0.00107156,1426746434,248.8719,281765
1866,0.01000000,1426746434,248.8122,281764
1867,0.08900000,1426743728,247.01,281763
1868,0.01100000,1426743728,247.0667,281762
1869,0.10000000,1426739949,250,281761
1870,0.00202186,1426739335,245,281760
1871,0.05000000,1426739335,245,281759
1872,0.09500000,1426739335,248,281758
1873,0.03027067,1426739335,249,281757
1874,1.00000000,1426739335,249.0001,281756
1875,0.09765952,1426739335,250,281755
1876,0.01100000,1426739335,250.1047,281754
1877,0.01400000,1426739335,250.198,281753
1878,0.01000000,1426739335,250.2882,281752
1879,0.79947574,1426737655,253,281751
1880,0.55913340,1426737655,253,281750
1881,0.95812000,1426737655,252.9999,281749
1882,0.53287086,1426737655,252,281748
1883,0.01100000,1426737655,251.9667,281747
1884,0.01100000,1426737655,250.8667,281746
1885,0.01200000,1426737655,250.7378,281745
1886,0.01000000,1426737655,250.6465,281744
1887,0.01200000,1426737655,250.4583,281743
1888,0.01000000,1426737505,250.0153,281742
1889,0.01100000,1426736961,250.0153,281741
1890,0.00034048,1426736954,250,281740
1891,0.01100000,1426736954,249.9667,281739
1892,0.01100000,1426736954,249.9345,281738
1893,0.17009069,1426736535,249,281737
1894,0.05450931,1426736535,249,281736
1895,0.13995952,1426735512,250,281735
1896,0.05970000,1426735437,250,281734
1897,0.01000000,1426735052,250.3775,281733
1898,0.01698197,1426734834,250.3773,281732
1899,0.08023904,1426733556,249,281731
1900,0.01100000,1426732238,249.9333,281730
1901,0.01000000,1426729906,245.0001,281729
1902,0.08000000,1426728800,248,281728
1903,0.04000000,1426728800,248,281727
1904,0.00272191,1426727915,246.9667,281726
1905,2.70479047,1426727794,246,281725
1906,0.29520953,1426727794,246,281724
1907,0.01027809,1426727753,246.9667,281723
1908,0.05908667,1426727441,247,281722
1909,0.04000000,1426727428,247,281721
1910,0.00366272,1426727405,247,281720
1911,0.01846930,1426727405,247.4809,281719
1912,0.07786798,1426727405,248,281718
1913,0.22000000,1426727405,248,281717
1914,0.16000000,1426727392,248,281716
1915,0.29135734,1426727383,250,281715
1916,0.08000000,1426727379,248,281714
1917,0.04000000,1426727366,248,281713
1918,0.10000000,1426727360,249,281712
1919,0.00031570,1426727335,250,281711
1920,0.07936430,1426727233,250,281710
1921,0.00063570,1426727233,250.1667,281709
1922,0.00936430,1426727221,250.1667,281708
1923,0.01000000,1426727221,250.2945,281707
1924,0.02063570,1426727221,251.001,281706
1925,0.01100000,1426727186,251.4865,281705
1926,0.02000000,1426726645,252,281704
1927,0.00300000,1426726645,252.0667,281703
1928,0.00700000,1426726622,252.0667,281702
1929,0.01200000,1426726622,252.1953,281701
1930,0.01100000,1426726622,253.0644,281700
1931,0.01000000,1426726622,253.1267,281699
1932,0.00446095,1426724947,253,281698
1933,0.07553905,1426724947,253,281697
1934,0.04000000,1426724933,253,281696
1935,0.04000000,1426724910,253,281695
1936,0.08000000,1426724896,253,281694
1937,0.04000000,1426724881,253,281693
1938,3.81663604,1426724309,255.83,281692
1939,0.01100000,1426724309,255.7046,281691
1940,0.01100000,1426724309,255.5833,281690
1941,0.01100000,1426724309,255.4661,281689
1942,0.05415049,1426724309,253.1,281688
1943,0.01000000,1426721843,253.1,281687
1944,0.07800775,1426721612,256,281686
1945,4.00000000,1426721007,256.3041,281685
1946,3.00000000,1426720742,256.3041,281684
1947,0.15466003,1426720647,256.3041,281683
1948,0.75014000,1426720647,256.304,281682
1949,0.29086275,1426720647,255,281681
1950,0.03913725,1426720609,255,281680
1951,0.23900000,1426720461,254.9999,281679
1952,0.24800000,1426720358,254.9999,281678
1953,0.01239910,1426718553,253.9999,281677
1954,0.07827454,1426718344,254.9999,281676
1955,0.19700661,1426717962,254,281675
1956,0.09700000,1426717879,254.9999,281674
1957,0.01100000,1426717879,253.9,281673
1958,0.01000000,1426717879,253.8033,281672
1959,0.01200000,1426717879,253.6765,281671
1960,0.15244975,1426717416,251,281670
1961,0.52013882,1426717416,251,281669
1962,0.31741143,1426717416,251.0001,281668
1963,0.15450000,1426716567,253,281667
1964,0.50000000,1426716120,250.9332,281666
1965,0.12101687,1426716077,250.9332,281665
1966,0.01300000,1426716009,250.9332,281664
1967,0.01200000,1426715505,249.9666,281663
1968,0.01551749,1426715211,250.9999,281662
1969,0.50000000,1426714955,249.4809,281661
1970,0.70522677,1426714839,249,281660
1971,0.50000000,1426714817,249,281659
1972,0.01358706,1426714817,249,281658
1973,0.02267765,1426714802,250,281657
1974,0.01837045,1426714802,250,281656
1975,0.02074580,1426714793,250,281655
1976,0.42780000,1426714790,250,281654
1977,1.26700000,1426714790,250,281653
1978,0.02000000,1426714790,250,281652
1979,0.20387128,1426714790,250,281651
1980,0.04000000,1426714790,250,281650
1981,0.50000000,1426714790,250,281649
1982,0.50000000,1426714790,250,281648
1983,0.01824300,1426714790,250,281647
1984,0.10000000,1426714790,250,281646
1985,0.08023904,1426714790,250,281645
1986,0.50000000,1426714790,250,281644
1987,0.21548800,1426714790,250,281643
1988,0.04000000,1426714781,251.2101,281642
1989,0.01062354,1426714775,251,281641
1990,0.39686000,1426714772,251,281640
1991,2.00000000,1426714772,251.21,281639
1992,1.00000000,1426714772,251.2101,281638
1993,0.01009518,1426714729,253,281637
1994,0.31371885,1426714659,254.9999,281636
1995,0.01100000,1426714386,254.8733,281635
1996,0.21061000,1426714291,252.9999,281634
1997,0.10314000,1426714098,251,281633
1998,0.03939498,1426713906,253,281632
1999,0.10190949,1426713906,253,281631
2000,0.53809051,1426713881,253,281630
2001,0.32000000,1426713874,253,281629
2002,0.01000000,1426930823,256.593,282629
2003,0.01100000,1426930823,256.6412,282628
2004,0.01300000,1426930823,256.6908,282627
2005,0.00600000,1426930823,256.7388,282626
2006,0.00600000,1426930800,256.7388,282625
2007,0.01000000,1426930800,256.7852,282624
2008,0.01200000,1426930800,256.83,282623
2009,0.01200000,1426930800,256.8733,282622
2010,1.01680361,1426929127,258.1299,282621
2011,0.01200000,1426928199,257.9918,282620
2012,0.23201900,1426926822,258.0384,282619
2013,0.77356703,1426926756,258.0384,282618
2014,0.02269560,1426926552,258.0384,282617
2015,0.01200000,1426926058,256.4392,282616
2016,0.01100000,1426926058,256.5455,282615
2017,0.08679090,1426926058,257,282614
2018,0.66800001,1426926058,257,282613
2019,0.08476693,1426926058,257,282612
2020,0.04000000,1426926037,257,282611
2021,0.04000000,1426926023,257,282610
2022,0.01100000,1426926016,257.9698,282609
2023,0.01800000,1426926016,257.9171,282608
2024,0.01500000,1426926016,257.8662,282607
2025,0.02300000,1426926016,257.8222,282606
2026,0.01800000,1426926016,257.7796,282605
2027,0.01400000,1426926016,257.7386,282604
2028,0.01100000,1426926016,257.714,282603
2029,0.01700001,1426926016,257.6752,282602
2030,0.01000000,1426926016,257.6527,282601
2031,0.01200000,1426926016,257.6309,282600
2032,0.01300000,1426926016,257.6099,282599
2033,0.01700001,1426926016,257.5896,282598
2034,0.01200000,1426926016,257.5699,282597
2035,0.01500000,1426926016,257.5509,282596
2036,0.01300000,1426925519,257.5509,282595
2037,0.05517490,1426920544,256.39,282594
2038,0.02235903,1426920520,256.39,282593
2039,0.01000000,1426920285,257.0705,282592
2040,0.01100000,1426920285,257.0475,282591
2041,0.00176469,1426920019,256.3602,282590
2042,0.01100000,1426920019,256.3795,282589
2043,0.01300000,1426920019,256.4018,282588
2044,0.02500000,1426919770,257.0943,282587
2045,0.59805447,1426919636,257,282586
2046,0.55120644,1426919537,256.9999,282585
2047,0.01300000,1426919537,256.9787,282584
2048,0.01700001,1426919537,256.9581,282583
2049,0.03300000,1426919537,256.9382,282582
2050,0.50000000,1426918825,257,282581
2051,0.29469276,1426918825,257,282580
2052,0.01100000,1426918825,257.0453,282579
2053,0.02000000,1426918825,257.0936,282578
2054,0.20000000,1426918650,258,282577
2055,0.02300000,1426918650,258.0155,282576
2056,0.01000000,1426918616,259.3953,282575
2057,0.01900000,1426918616,259.463,282574
2058,0.01100000,1426918616,259.521,282573
2059,0.03752882,1426918616,259.5457,282572
2060,0.01300000,1426918616,259.608,282571
2061,0.02000000,1426918616,259.6645,282570
2062,0.01000000,1426918616,259.71,282569
2063,0.01200000,1426918616,259.7958,282568
2064,0.01300000,1426918616,259.8441,282567
2065,0.01200000,1426918616,259.9021,282566
2066,0.01000000,1426918616,259.9408,282565
2067,0.01400000,1426918616,259.9794,282564
2068,0.01113138,1426918600,260,282563
2069,0.01200000,1426918600,260.0181,282562
2070,0.01100000,1426918600,260.0761,282561
2071,0.02000000,1426918600,260.1148,282560
2072,0.01500000,1426918600,260.1438,282559
2073,0.02200000,1426918600,260.1728,282558
2074,0.01300000,1426918600,260.2018,282557
2075,0.01600000,1426918600,260.2308,282556
2076,0.01400000,1426918600,260.2598,282555
2077,0.01200000,1426918600,260.2888,282554
2078,0.01300000,1426918600,260.3178,282553
2079,0.01200000,1426918600,260.3784,282552
2080,3.08570636,1426918600,260.39,282551
2081,0.12699241,1426918591,260.39,282550
2082,0.05987000,1426918578,260.39,282549
2083,0.01900750,1426918499,260.39,282548
2084,0.08583443,1426918200,260.39,282547
2085,0.01197000,1426918082,260.39,282546
2086,0.06685457,1426917849,260.39,282545
2087,0.11119695,1426917466,260.39,282544
2088,0.07377275,1426917432,260.39,282543
2089,0.01000000,1426917421,260.4074,282542
2090,0.01100000,1426916818,260.4074,282541
2091,0.02610202,1426916113,260.39,282540
2092,0.01200000,1426915718,260.4074,282539
2093,0.01000000,1426915188,260.4074,282538
2094,0.01100000,1426914563,260.4074,282537
2095,0.01895011,1426914480,260.39,282536
2096,0.01300000,1426914021,260.4074,282535
2097,0.01100000,1426913820,260.4074,282534
2098,0.01200000,1426913495,260.4074,282533
2099,0.03046526,1426913474,260.39,282532
2100,0.02305601,1426913406,260.39,282531
2101,0.01000000,1426913380,260.4074,282530
2102,0.02186807,1426913246,260.39,282529
2103,0.01300000,1426912776,260.4074,282528
2104,0.01300000,1426912308,260.4074,282527
2105,0.01549838,1426912178,260.39,282526
2106,0.01300000,1426912017,260.4074,282525
2107,0.01077415,1426911119,260.36,282524
2108,0.01409867,1426911108,260.36,282523
2109,0.01295254,1426910973,260.36,282522
2110,0.00050000,1426910816,260.9112,282521
2111,0.01000000,1426910816,260.8698,282520
2112,0.01000000,1426910816,260.8328,282519
2113,0.08000000,1426909823,260.36,282518
2114,0.04000000,1426909809,260.36,282517
2115,0.32000000,1426909786,260.36,282516
2116,0.16000000,1426909771,260.36,282515
2117,0.08000000,1426909759,260.36,282514
2118,0.04000000,1426909745,260.36,282513
2119,0.01200000,1426909618,260.3758,282512
2120,0.01300000,1426909118,260.3758,282511
2121,0.04000000,1426908543,260.36,282510
2122,0.16000000,1426907361,260.36,282509
2123,0.08000000,1426907348,260.36,282508
2124,0.04000000,1426907336,260.36,282507
2125,0.01100000,1426907218,260.3468,282506
2126,0.08000000,1426905581,260.27,282505
2127,0.04000000,1426905567,260.27,282504
2128,0.03743132,1426903963,260.09,282503
2129,0.05800000,1426903953,260.09,282502
2130,0.01600000,1426903168,260.0638,282501
2131,0.01400000,1426903017,260.0444,282500
2132,0.01700001,1426902702,260.0444,282499
2133,0.10000000,1426902233,260.463,282498
2134,0.04000000,1426901916,260.03,282497
2135,0.04000000,1426901893,260.03,282496
2136,0.59778498,1426901878,260.03,282495
2137,0.08000000,1426901868,260.03,282494
2138,0.04000000,1426901854,260.03,282493
2139,0.08000000,1426901829,260.03,282492
2140,0.04000000,1426901814,260.03,282491
2141,0.01700001,1426900019,259.855,282490
2142,0.02095785,1426899758,260,282489
2143,0.08000000,1426899453,259.85,282488
2144,0.04000000,1426899440,259.85,282487
2145,0.60000000,1426899050,259.81,282486
2146,0.01100000,1426898816,259.768,282485
2147,0.04000000,1426898681,259.76,282484
2148,0.04000000,1426898658,259.76,282483
2149,0.01000000,1426898331,259.992,282482
2150,0.28796140,1426897919,260,282481
2151,0.01000000,1426897889,260,282480
2152,0.94100000,1426896983,260,282479
2153,0.07015000,1426896919,260,282478
2154,1.76181353,1426896339,259.67,282477
2155,0.00303000,1426895692,261,282476
2156,0.01100000,1426895692,260.951,282475
2157,0.01900000,1426895344,259.5747,282474
2158,0.01900000,1426894830,259.5457,282473
2159,0.29242307,1426894605,260,282472
2160,0.01000000,1426894161,259.47,282471
2161,0.01385167,1426893937,260,282470
2162,0.07443978,1426893150,261,282469
2163,0.00199694,1426893150,259.4106,282468
2164,0.01200306,1426893088,259.4106,282467
2165,0.01100000,1426893077,259.3424,282466
2166,0.01600000,1426893057,259.3302,282465
2167,0.01200000,1426893057,259.2464,282464
2168,0.01200000,1426893057,259.1623,282463
2169,0.01800000,1426893057,259.0602,282462
2170,0.01300000,1426893057,258.9615,282461
2171,0.01000000,1426893057,258.8693,282460
2172,0.01400000,1426892951,258.786,282459
2173,0.01600000,1426892951,258.7108,282458
2174,0.01600000,1426892951,258.6381,282457
2175,0.01300000,1426892920,258.5678,282456
2176,0.01100000,1426892869,258.4998,282455
2177,0.02000000,1426892869,258.4341,282454
2178,0.01700001,1426892869,258.377,282453
2179,0.01200000,1426892869,258.3198,282452
2180,0.01600000,1426892869,258.2665,282451
2181,0.00730000,1426892869,258.215,282450
2182,0.01300000,1426892816,258.0555,282449
2183,0.01200000,1426892249,258.0362,282448
2184,0.00270000,1426892243,258.215,282447
2185,0.01700001,1426892243,258.1745,282446
2186,0.01200000,1426891833,258.0155,282445
2187,0.30523000,1426891621,258.174,282444
2188,0.01100000,1426891621,258.1374,282443
2189,0.01200000,1426891621,258.1021,282442
2190,0.01440380,1426891621,258.0679,282441
2191,0.01200000,1426891613,258.0119,282440
2192,0.01600000,1426891024,258.0119,282439
2193,0.01100000,1426890540,258.0119,282438
2194,0.01500000,1426890415,258.0119,282437
2195,0.00259621,1426889627,258.0679,282436
2196,0.01000000,1426889627,258.0335,282435
2197,0.01200000,1426889627,258.0002,282434
2198,0.01100000,1426889627,257.968,282433
2199,0.01700001,1426889627,257.938,282432
2200,0.01200000,1426889627,257.909,282431
2201,0.01100000,1426889627,257.8787,282430
2202,0.00197001,1426889627,257.8161,282429
2203,0.01702999,1426889185,257.8161,282428
2204,0.02100000,1426889185,257.7579,282427
2205,0.00197001,1426889185,257.7016,282426
2206,0.01302999,1426889161,257.7016,282425
2207,0.01100000,1426889161,257.6472,282424
2208,0.01597001,1426889161,257.5966,282423
2209,0.00103000,1426888065,257.5966,282422
2210,0.01100000,1426888065,257.5477,282421
2211,0.15098583,1426884446,256,282420
2212,1.16000000,1426884446,256.1,282419
2213,0.01300000,1426884446,256.1955,282418
2214,0.01300000,1426884446,256.2846,282417
2215,0.01600000,1426884446,256.3708,282416
2216,0.01300000,1426884446,256.4513,282415
2217,0.01100000,1426884446,256.5291,282414
2218,0.01000000,1426884446,256.6611,282413
2219,0.01200000,1426884446,256.7202,282412
2220,0.03498809,1426884446,257,282411
2221,0.52102608,1426884446,257,282410
2222,0.01200000,1426884446,257.0293,282409
2223,0.01800000,1426884446,257.0576,282408
2224,0.01500000,1426884446,257.085,282407
2225,0.01443617,1426883662,257,282406
2226,0.01000000,1426883662,257.0356,282405
2227,0.01300000,1426883662,257.0667,282404
2228,0.02290130,1426881712,257,282403
2229,0.01300000,1426881712,257.0391,282402
2230,0.01100000,1426881712,257.0769,282401
2231,0.01100000,1426881712,257.1099,282400
2232,0.01203000,1426880495,258.174,282399
2233,0.04674000,1426879999,258.174,282398
2234,0.01400000,1426879999,258.1255,282397
2235,0.01400000,1426879999,258.0787,282396
2236,0.01600000,1426879648,258.0761,282395
2237,0.01000000,1426879613,258.0761,282394
2238,0.12346856,1426878541,257,282393
2239,0.03778498,1426872378,256.1,282392
2240,0.01100000,1426872378,256.5655,282391
2241,0.01000000,1426872378,256.6288,282390
2242,0.01800000,1426872378,256.7245,282389
2243,0.01800000,1426871825,256.817,282388
2244,0.01300000,1426871825,256.898,282387
2245,0.03667056,1426870194,258,282386
2246,0.01400000,1426870194,258.028,282385
2247,0.01105100,1426870194,258.0776,282384
2248,0.01100000,1426870194,258.1255,282383
2249,0.01100000,1426870194,258.1718,282382
2250,0.00594901,1426869929,258.0776,282381
2251,0.01200000,1426869929,258.1255,282380
2252,0.01900000,1426869929,258.1718,282379
2253,0.01200000,1426868389,258.0364,282378
2254,0.04735179,1426867947,259,282377
2255,0.01000001,1426867944,259.0284,282376
2256,0.00199999,1426867921,259.0284,282375
2257,0.01400000,1426867921,259.0559,282374
2258,0.01700001,1426867921,259.0825,282373
2259,0.00700000,1426867921,259.1073,282372
2260,0.00500000,1426867898,259.1073,282371
2261,0.01000000,1426867898,259.1305,282370
2262,0.01300000,1426867898,259.1529,282369
2263,0.01200000,1426867898,259.221,282368
2264,12.65356815,1426867824,261.1951,282367
2265,0.01100000,1426867824,261.0859,282366
2266,0.01000000,1426867824,261.023,282365
2267,2.74458422,1426867824,261,282364
2268,0.52965137,1426867824,261,282363
2269,0.77091618,1426867824,261,282362
2270,0.55553615,1426867824,261,282361
2271,1.11511112,1426867824,261,282360
2272,0.30113200,1426867824,261,282359
2273,0.01200000,1426867824,260.9622,282358
2274,0.00486747,1426867824,260.9034,282357
2275,0.01000000,1426867824,260.8466,282356
2276,0.01000000,1426867824,260.7997,282355
2277,0.01100000,1426867824,260.758,282354
2278,0.01100000,1426867824,260.7177,282353
2279,0.01400000,1426867824,260.6786,282352
2280,0.01400000,1426867824,260.5959,282351
2281,0.13000000,1426867824,260,282350
2282,0.13492330,1426867824,259.9133,282349
2283,0.01900000,1426867824,259.8829,282348
2284,0.01900000,1426867824,259.8535,282347
2285,0.01800000,1426867824,259.8278,282346
2286,0.01200000,1426867824,259.8038,282345
2287,0.05264821,1426865182,259,282344
2288,0.01813000,1426865182,259.5,282343
2289,0.01100000,1426864721,259.8995,282342
2290,0.01300000,1426864608,259.8995,282341
2291,0.01500000,1426864198,259.9833,282340
2292,0.01000000,1426864009,259.5133,282339
2293,0.01600000,1426863561,259.5124,282338
2294,1.02333495,1426863497,259.8729,282337
2295,0.02300000,1426863407,259.5124,282336
2296,0.37000000,1426863343,259.87,282335
2297,0.05987000,1426863255,259.5,282334
2298,0.30300000,1426863200,259.8729,282333
2299,0.01200000,1426863200,259.8644,282332
2300,0.01200000,1426863200,259.7334,282331
2301,0.01100000,1426863200,259.6482,282330
2302,0.02300000,1426863200,259.563,282329
2303,0.01900000,1426863200,259.5218,282328
2304,0.01200000,1426863143,259.472,282327
2305,0.01800000,1426863090,259.4563,282326
2306,0.01300000,1426862990,259.4563,282325
2307,0.01200000,1426862807,259.0157,282324
2308,0.06674804,1426861743,259,282323
2309,0.00303000,1426861743,259.018,282322
2310,0.01600000,1426861662,259.505,282321
2311,0.01197000,1426861294,259.018,282320
2312,1.12600000,1426861263,259.5392,282319
2313,0.11535829,1426861221,259.5392,282318
2314,0.01300000,1426861191,259.0354,282317
2315,0.07262872,1426861168,259.5392,282316
2316,0.00197000,1426861123,259,282315
2317,0.01000000,1426861123,259.018,282314
2318,0.01300000,1426860620,259.5218,282313
2319,0.01236807,1426860372,259.5392,282312
2320,0.44600000,1426860272,259.5392,282311
2321,0.03845276,1426860142,259.5392,282310
2322,0.98875237,1426860123,259.5392,282309
2323,0.01100000,1426860123,259.442,282308
2324,0.04000000,1426860060,259,282307
2325,0.02100000,1426859961,259,282306
2326,0.02400000,1426859943,259.4273,282305
2327,0.10450000,1426859931,258.9999,282304
2328,0.01668196,1426859931,258.8389,282303
2329,0.00231804,1426859391,258.8389,282302
2330,0.01000000,1426859391,258.7475,282301
2331,0.01600000,1426859391,258.6726,282300
2332,0.01500000,1426859391,258.6002,282299
2333,0.01800000,1426859391,258.5302,282298
2334,0.01600000,1426859391,258.4659,282297
2335,0.02722687,1426857376,256.5,282296
2336,0.01200000,1426857376,256.57,282295
2337,0.01100000,1426857376,256.6377,282294
2338,0.13600001,1426856773,256,282293
2339,0.01100000,1426856735,256.0978,282292
2340,0.01528939,1426855637,255.9334,282291
2341,0.12480000,1426855637,255.94,282290
2342,0.01100000,1426855637,256.0139,282289
2343,0.01500000,1426855637,256.1073,282288
2344,0.01100000,1426855637,256.2011,282287
2345,0.01300000,1426855637,256.2918,282286
2346,0.01100000,1426855637,256.3794,282285
2347,0.01400000,1426855637,256.4641,282284
2348,0.01200000,1426855637,256.546,282283
2349,0.06000000,1426855637,256.55,282282
2350,0.01300000,1426855637,256.6561,282281
2351,0.00937061,1426855637,257.0911,282280
2352,0.00162939,1426855486,257.0911,282279
2353,0.01100000,1426855486,257.1792,282278
2354,0.26125000,1426853029,259.7331,282277
2355,3.15800000,1426851927,258.9213,282276
2356,0.01000000,1426851927,258.8337,282275
2357,0.01000000,1426851927,258.749,282274
2358,0.26700000,1426851204,258.9212,282273
2359,0.01200000,1426851204,258.8244,282272
2360,0.01000000,1426851204,258.7309,282271
2361,0.01100000,1426851204,258.6405,282270
2362,1.05124648,1426848652,258.9973,282269
2363,0.01800000,1426848652,258.8977,282268
2364,0.01500000,1426848652,258.7989,282267
2365,0.02000000,1426848652,258.7034,282266
2366,0.02000000,1426848652,258.6111,282265
2367,0.01100000,1426848652,258.5218,282264
2368,0.01000000,1426848652,258.4355,282263
2369,0.01100000,1426848652,258.3521,282262
2370,0.57813937,1426848103,257.8645,282261
2371,0.01100000,1426848082,257.8667,282260
2372,0.01200000,1426847986,257.8829,282259
2373,0.02100000,1426847390,257.9311,282258
2374,0.01400000,1426847351,257.8688,282257
2375,0.01400000,1426847322,257.8688,282256
2376,0.01000000,1426846628,257.8667,282255
2377,0.01000000,1426846607,257.8667,282254
2378,0.06000000,1426846531,257.8645,282253
2379,0.01200000,1426846126,257.9289,282252
2380,0.01100000,1426845584,257.9289,282251
2381,0.01200000,1426845544,257.9289,282250
2382,0.01100000,1426845270,257.8645,282249
2383,0.03366417,1426843694,255.9333,282248
2384,0.01300000,1426843642,256.0355,282247
2385,0.04000000,1426842465,256,282246
2386,0.08000000,1426842420,256,282245
2387,0.04000000,1426842407,256,282244
2388,0.01200000,1426842405,255.9355,282243
2389,0.55553615,1426842405,256,282242
2390,1.00000000,1426842401,256.0001,282241
2391,0.11677238,1426842345,257.9108,282240
2392,0.04322762,1426842036,257.9108,282239
2393,0.32000000,1426842036,257.9108,282238
2394,0.37646914,1426842036,257.9108,282237
2395,0.01400000,1426842036,257.9777,282236
2396,0.01400000,1426841997,258.1001,282235
2397,0.01500000,1426841997,258.1968,282234
2398,0.01000000,1426841890,259.0667,282233
2399,0.01163957,1426841890,259.134,282232
2400,0.01000000,1426841890,259.193,282231
2401,0.01100000,1426841890,259.2549,282230
2402,0.01100000,1426841890,259.3129,282229
2403,0.01000000,1426841890,259.3709,282228
2404,0.01100000,1426841890,259.4289,282227
2405,0.01300000,1426841890,259.4853,282226
2406,0.01100000,1426841890,259.5433,282225
2407,0.01100000,1426841367,259.5585,282224
2408,0.01100000,1426840606,259.985,282223
2409,0.01000000,1426840176,259.5585,282222
2410,0.01200000,1426840007,259.5585,282221
2411,0.00613253,1426831000,260.9034,282220
2412,0.01000000,1426831000,259.9733,282219
2413,0.00236043,1426829282,259.134,282218
2414,0.00843723,1426829282,259.1991,282217
2415,0.00356277,1426827633,259.1991,282216
2416,0.01100000,1426827633,259.2559,282215
2417,0.00670031,1426822191,261,282214
2418,0.01100000,1426822075,260.9356,282213
2419,0.14624818,1426819467,261,282212
2420,0.72208815,1426819467,261,282211
2421,0.01200000,1426819231,260.9967,282210
2422,0.01300000,1426819199,260.9,282209
2423,0.02500000,1426819190,261,282208
2424,0.01600000,1426819167,260.9,282207
2425,0.01600000,1426819167,260.8033,282206
2426,0.47796934,1426818987,261,282205
