,amount,date,price,tid
0,0.27735408,1426937418,257,282639
1,0.01400000,1426937418,256.9816,282638
2,1.00000000,1426937195,257.0001,282637
3,0.01100000,1426937195,257.0256,282636
4,0.01000000,1426933966,256.4471,282635
5,0.01718963,1426932014,256.4,282634
6,0.02200000,1426932014,256.4383,282633
7,0.01700001,1426932014,256.4916,282632
8,0.01700001,1426932014,256.5432,282631
9,0.00600000,1426932014,256.593,282630
10,0.01000000,1426930823,256.593,282629
11,0.01100000,1426930823,256.6412,282628
12,0.01300000,1426930823,256.6908,282627
13,0.00600000,1426930823,256.7388,282626
14,0.00600000,1426930800,256.7388,282625
15,0.01000000,1426930800,256.7852,282624
16,0.01200000,1426930800,256.83,282623
17,0.01200000,1426930800,256.8733,282622
18,1.01680361,1426929127,258.1299,282621
19,0.01200000,1426928199,257.9918,282620
20,0.23201900,1426926822,258.0384,282619
21,0.77356703,1426926756,258.0384,282618
22,0.02269560,1426926552,258.0384,282617
23,0.01200000,1426926058,256.4392,282616
24,0.01100000,1426926058,256.5455,282615
25,0.08679090,1426926058,257,282614
26,0.66800001,1426926058,257,282613
27,0.08476693,1426926058,257,282612
28,0.04000000,1426926037,257,282611
29,0.04000000,1426926023,257,282610
30,0.01100000,1426926016,257.9698,282609
31,0.01800000,1426926016,257.9171,282608
32,0.01500000,1426926016,257.8662,282607
33,0.02300000,1426926016,257.8222,282606
34,0.01800000,1426926016,257.7796,282605
35,0.01400000,1426926016,257.7386,282604
36,0.01100000,1426926016,257.714,282603
37,0.01700001,1426926016,257.6752,282602
38,0.01000000,1426926016,257.6527,282601
39,0.01200000,1426926016,257.6309,282600
40,0.01300000,1426926016,257.6099,282599
41,0.01700001,1426926016,257.5896,282598
42,0.01200000,1426926016,257.5699,282597
43,0.01500000,1426926016,257.5509,282596
44,0.01300000,1426925519,257.5509,282595
45,0.05517490,1426920544,256.39,282594
46,0.02235903,1426920520,256.39,282593
47,0.01000000,1426920285,257.0705,282592
48,0.01100000,1426920285,257.0475,282591
49,0.00176469,1426920019,256.3602,282590
50,0.01100000,1426920019,256.3795,282589
51,0.01300000,1426920019,256.4018,282588
52,0.02500000,1426919770,257.0943,282587
53,0.59805447,1426919636,257,282586
54,0.55120644,1426919537,256.9999,282585
55,0.01300000,1426919537,256.9787,282584
56,0.01700001,1426919537,256.9581,282583
57,0.03300000,1426919537,256.9382,282582
58,0.50000000,1426918825,257,282581
59,0.29469276,1426918825,257,282580
60,0.01100000,1426918825,257.0453,282579
61,0.02000000,1426918825,257.0936,282578
62,0.20000000,1426918650,258,282577
63,0.02300000,1426918650,258.0155,282576
64,0.01000000,1426918616,259.3953,282575
65,0.01900000,1426918616,259.463,282574
66,0.01100000,1426918616,259.521,282573
67,0.03752882,1426918616,259.5457,282572
68,0.01300000,1426918616,259.608,282571
69,0.02000000,1426918616,259.6645,282570
70,0.01000000,1426918616,259.71,282569
71,0.01200000,1426918616,259.7958,282568
72,0.01300000,1426918616,259.8441,282567
73,0.01200000,1426918616,259.9021,282566
74,0.01000000,1426918616,259.9408,282565
75,0.01400000,1426918616,259.9794,282564
76,0.01113138,1426918600,260,282563
77,0.01200000,1426918600,260.0181,282562
78,0.01100000,1426918600,260.0761,282561
79,0.02000000,1426918600,260.1148,282560
80,0.01500000,1426918600,260.1438,282559
81,0.02200000,1426918600,260.1728,282558
82,0.01300000,1426918600,260.2018,282557
83,0.01600000,1426918600,260.2308,282556
84,0.01400000,1426918600,260.2598,282555
85,0.01200000,1426918600,260.2888,282554
86,0.01300000,1426918600,260.3178,282553
87,0.01200000,1426918600,260.3784,282552
88,3.08570636,1426918600,260.39,282551
89,0.12699241,1426918591,260.39,282550
90,0.05987000,1426918578,260.39,282549
91,0.01900750,1426918499,260.39,282548
92,0.08583443,1426918200,260.39,282547
93,0.01197000,1426918082,260.39,282546
94,0.06685457,1426917849,260.39,282545
95,0.11119695,1426917466,260.39,282544
96,0.07377275,1426917432,260.39,282543
97,0.01000000,1426917421,260.4074,282542
98,0.01100000,1426916818,260.4074,282541
99,0.02610202,1426916113,260.39,282540
100,0.01200000,1426915718,260.4074,282539
101,0.01000000,1426915188,260.4074,282538
102,0.01100000,1426914563,260.4074,282537
103,0.01895011,1426914480,260.39,282536
104,0.01300000,1426914021,260.4074,282535
105,0.01100000,1426913820,260.4074,282534
106,0.01200000,1426913495,260.4074,282533
107,0.03046526,1426913474,260.39,282532
108,0.02305601,1426913406,260.39,282531
109,0.01000000,1426913380,260.4074,282530
110,0.02186807,1426913246,260.39,282529
111,0.01300000,1426912776,260.4074,282528
112,0.01300000,1426912308,260.4074,282527
113,0.01549838,1426912178,260.39,282526
114,0.01300000,1426912017,260.4074,282525
115,0.01077415,1426911119,260.36,282524
116,0.01409867,1426911108,260.36,282523
117,0.01295254,1426910973,260.36,282522
118,0.00050000,1426910816,260.9112,282521
119,0.01000000,1426910816,260.8698,282520
120,0.01000000,1426910816,260.8328,282519
121,0.08000000,1426909823,260.36,282518
122,0.04000000,1426909809,260.36,282517
123,0.32000000,1426909786,260.36,282516
124,0.16000000,1426909771,260.36,282515
125,0.08000000,1426909759,260.36,282514
126,0.04000000,1426909745,260.36,282513
127,0.01200000,1426909618,260.3758,282512
128,0.01300000,1426909118,260.3758,282511
129,0.04000000,1426908543,260.36,282510
130,0.16000000,1426907361,260.36,282509
131,0.08000000,1426907348,260.36,282508
132,0.04000000,1426907336,260.36,282507
133,0.01100000,1426907218,260.3468,282506
134,0.08000000,1426905581,260.27,282505
135,0.04000000,1426905567,260.27,282504
136,0.03743132,1426903963,260.09,282503
137,0.05800000,1426903953,260.09,282502
138,0.01600000,1426903168,260.0638,282501
139,0.01400000,1426903017,260.0444,282500
140,0.01700001,1426902702,260.0444,282499
141,0.10000000,1426902233,260.463,282498
142,0.04000000,1426901916,260.03,282497
143,0.04000000,1426901893,260.03,282496
144,0.59778498,1426901878,260.03,282495
145,0.08000000,1426901868,260.03,282494
146,0.04000000,1426901854,260.03,282493
147,0.08000000,1426901829,260.03,282492
148,0.04000000,1426901814,260.03,282491
149,0.01700001,1426900019,259.855,282490
150,0.02095785,1426899758,260,282489
151,0.08000000,1426899453,259.85,282488
152,0.04000000,1426899440,259.85,282487
153,0.60000000,1426899050,259.81,282486
154,0.01100000,1426898816,259.768,282485
155,0.04000000,1426898681,259.76,282484
156,0.04000000,1426898658,259.76,282483
157,0.01000000,1426898331,259.992,282482
158,0.28796140,1426897919,260,282481
159,0.01000000,1426897889,260,282480
160,0.94100000,1426896983,260,282479
161,0.07015000,1426896919,260,282478
162,1.76181353,1426896339,259.67,282477
163,0.00303000,1426895692,261,282476
164,0.01100000,1426895692,260.951,282475
165,0.01900000,1426895344,259.5747,282474
166,0.01900000,1426894830,259.5457,282473
167,0.29242307,1426894605,260,282472
168,0.01000000,1426894161,259.47,282471
169,0.01385167,1426893937,260,282470
170,0.07443978,1426893150,261,282469
171,0.00199694,1426893150,259.4106,282468
172,0.01200306,1426893088,259.4106,282467
173,0.01100000,1426893077,259.3424,282466
174,0.01600000,1426893057,259.3302,282465
175,0.01200000,1426893057,259.2464,282464
176,0.01200000,1426893057,259.1623,282463
177,0.01800000,1426893057,259.0602,282462
178,0.01300000,1426893057,258.9615,282461
179,0.01000000,1426893057,258.8693,282460
180,0.01400000,1426892951,258.786,282459
181,0.01600000,1426892951,258.7108,282458
182,0.01600000,1426892951,258.6381,282457
183,0.01300000,1426892920,258.5678,282456
184,0.01100000,1426892869,258.4998,282455
185,0.02000000,1426892869,258.4341,282454
186,0.01700001,1426892869,258.377,282453
187,0.01200000,1426892869,258.3198,282452
188,0.01600000,1426892869,258.2665,282451
189,0.00730000,1426892869,258.215,282450
190,0.01300000,1426892816,258.0555,282449
191,0.01200000,1426892249,258.0362,282448
192,0.00270000,1426892243,258.215,282447
193,0.01700001,1426892243,258.1745,282446
194,0.01200000,1426891833,258.0155,282445
195,0.30523000,1426891621,258.174,282444
196,0.01100000,1426891621,258.1374,282443
197,0.01200000,1426891621,258.1021,282442
198,0.01440380,1426891621,258.0679,282441
199,0.01200000,1426891613,258.0119,282440
200,0.01600000,1426891024,258.0119,282439
201,0.01100000,1426890540,258.0119,282438
202,0.01500000,1426890415,258.0119,282437
203,0.00259621,1426889627,258.0679,282436
204,0.01000000,1426889627,258.0335,282435
205,0.01200000,1426889627,258.0002,282434
206,0.01100000,1426889627,257.968,282433
207,0.01700001,1426889627,257.938,282432
208,0.01200000,1426889627,257.909,282431
209,0.01100000,1426889627,257.8787,282430
210,0.00197001,1426889627,257.8161,282429
211,0.01702999,1426889185,257.8161,282428
212,0.02100000,1426889185,257.7579,282427
213,0.00197001,1426889185,257.7016,282426
214,0.01302999,1426889161,257.7016,282425
215,0.01100000,1426889161,257.6472,282424
216,0.01597001,1426889161,257.5966,282423
217,0.00103000,1426888065,257.5966,282422
218,0.01100000,1426888065,257.5477,282421
219,0.15098583,1426884446,256,282420
220,1.16000000,1426884446,256.1,282419
221,0.01300000,1426884446,256.1955,282418
222,0.01300000,1426884446,256.2846,282417
223,0.01600000,1426884446,256.3708,282416
224,0.01300000,1426884446,256.4513,282415
225,0.01100000,1426884446,256.5291,282414
226,0.01000000,1426884446,256.6611,282413
227,0.01200000,1426884446,256.7202,282412
228,0.03498809,1426884446,257,282411
229,0.52102608,1426884446,257,282410
230,0.01200000,1426884446,257.0293,282409
231,0.01800000,1426884446,257.0576,282408
232,0.01500000,1426884446,257.085,282407
233,0.01443617,1426883662,257,282406
234,0.01000000,1426883662,257.0356,282405
235,0.01300000,1426883662,257.0667,282404
236,0.02290130,1426881712,257,282403
237,0.01300000,1426881712,257.0391,282402
238,0.01100000,1426881712,257.0769,282401
239,0.01100000,1426881712,257.1099,282400
240,0.01203000,1426880495,258.174,282399
241,0.04674000,1426879999,258.174,282398
242,0.01400000,1426879999,258.1255,282397
243,0.01400000,1426879999,258.0787,282396
244,0.01600000,1426879648,258.0761,282395
245,0.01000000,1426879613,258.0761,282394
246,0.12346856,1426878541,257,282393
247,0.03778498,1426872378,256.1,282392
248,0.01100000,1426872378,256.5655,282391
249,0.01000000,1426872378,256.6288,282390
250,0.01800000,1426872378,256.7245,282389
251,0.01800000,1426871825,256.817,282388
252,0.01300000,1426871825,256.898,282387
253,0.03667056,1426870194,258,282386
254,0.01400000,1426870194,258.028,282385
255,0.01105100,1426870194,258.0776,282384
256,0.01100000,1426870194,258.1255,282383
257,0.01100000,1426870194,258.1718,282382
258,0.00594901,1426869929,258.0776,282381
259,0.01200000,1426869929,258.1255,282380
260,0.01900000,1426869929,258.1718,282379
261,0.01200000,1426868389,258.0364,282378
262,0.04735179,1426867947,259,282377
263,0.01000001,1426867944,259.0284,282376
264,0.00199999,1426867921,259.0284,282375
265,0.01400000,1426867921,259.0559,282374
266,0.01700001,1426867921,259.0825,282373
267,0.00700000,1426867921,259.1073,282372
268,0.00500000,1426867898,259.1073,282371
269,0.01000000,1426867898,259.1305,282370
270,0.01300000,1426867898,259.1529,282369
271,0.01200000,1426867898,259.221,282368
272,12.65356815,1426867824,261.1951,282367
273,0.01100000,1426867824,261.0859,282366
274,0.01000000,1426867824,261.023,282365
275,2.74458422,1426867824,261,282364
276,0.52965137,1426867824,261,282363
277,0.77091618,1426867824,261,282362
278,0.55553615,1426867824,261,282361
279,1.11511112,1426867824,261,282360
280,0.30113200,1426867824,261,282359
281,0.01200000,1426867824,260.9622,282358
282,0.00486747,1426867824,260.9034,282357
283,0.01000000,1426867824,260.8466,282356
284,0.01000000,1426867824,260.7997,282355
285,0.01100000,1426867824,260.758,282354
286,0.01100000,1426867824,260.7177,282353
287,0.01400000,1426867824,260.6786,282352
288,0.01400000,1426867824,260.5959,282351
289,0.13000000,1426867824,260,282350
290,0.13492330,1426867824,259.9133,282349
291,0.01900000,1426867824,259.8829,282348
292,0.01900000,1426867824,259.8535,282347
293,0.01800000,1426867824,259.8278,282346
294,0.01200000,1426867824,259.8038,282345
295,0.05264821,1426865182,259,282344
296,0.01813000,1426865182,259.5,282343
297,0.01100000,1426864721,259.8995,282342
298,0.01300000,1426864608,259.8995,282341
299,0.01500000,1426864198,259.9833,282340
300,0.01000000,1426864009,259.5133,282339
301,0.01600000,1426863561,259.5124,282338
302,1.02333495,1426863497,259.8729,282337
303,0.02300000,1426863407,259.5124,282336
304,0.37000000,1426863343,259.87,282335
305,0.05987000,1426863255,259.5,282334
306,0.30300000,1426863200,259.8729,282333
307,0.01200000,1426863200,259.8644,282332
308,0.01200000,1426863200,259.7334,282331
309,0.01100000,1426863200,259.6482,282330
310,0.02300000,1426863200,259.563,282329
311,0.01900000,1426863200,259.5218,282328
312,0.01200000,1426863143,259.472,282327
313,0.01800000,1426863090,259.4563,282326
314,0.01300000,1426862990,259.4563,282325
315,0.01200000,1426862807,259.0157,282324
316,0.06674804,1426861743,259,282323
317,0.00303000,1426861743,259.018,282322
318,0.01600000,1426861662,259.505,282321
319,0.01197000,1426861294,259.018,282320
320,1.12600000,1426861263,259.5392,282319
321,0.11535829,1426861221,259.5392,282318
322,0.01300000,1426861191,259.0354,282317
323,0.07262872,1426861168,259.5392,282316
324,0.00197000,1426861123,259,282315
325,0.01000000,1426861123,259.018,282314
326,0.01300000,1426860620,259.5218,282313
327,0.01236807,1426860372,259.5392,282312
328,0.44600000,1426860272,259.5392,282311
329,0.03845276,1426860142,259.5392,282310
330,0.98875237,1426860123,259.5392,282309
331,0.01100000,1426860123,259.442,282308
332,0.04000000,1426860060,259,282307
333,0.02100000,1426859961,259,282306
334,0.02400000,1426859943,259.4273,282305
335,0.10450000,1426859931,258.9999,282304
336,0.01668196,1426859931,258.8389,282303
337,0.00231804,1426859391,258.8389,282302
338,0.01000000,1426859391,258.7475,282301
339,0.01600000,1426859391,258.6726,282300
340,0.01500000,1426859391,258.6002,282299
341,0.01800000,1426859391,258.5302,282298
342,0.01600000,1426859391,258.4659,282297
343,0.02722687,1426857376,256.5,282296
344,0.01200000,1426857376,256.57,282295
345,0.01100000,1426857376,256.6377,282294
346,0.13600001,1426856773,256,282293
347,0.01100000,1426856735,256.0978,282292
348,0.01528939,1426855637,255.9334,282291
349,0.12480000,1426855637,255.94,282290
350,0.01100000,1426855637,256.0139,282289
351,0.01500000,1426855637,256.1073,282288
352,0.01100000,1426855637,256.2011,282287
353,0.01300000,1426855637,256.2918,282286
354,0.01100000,1426855637,256.3794,282285
355,0.01400000,1426855637,256.4641,282284
356,0.01200000,1426855637,256.546,282283
357,0.06000000,1426855637,256.55,282282
358,0.01300000,1426855637,256.6561,282281
359,0.00937061,1426855637,257.0911,282280
360,0.00162939,1426855486,257.0911,282279
361,0.01100000,1426855486,257.1792,282278
362,0.26125000,1426853029,259.7331,282277
363,3.15800000,1426851927,258.9213,282276
364,0.01000000,1426851927,258.8337,282275
365,0.01000000,1426851927,258.749,282274
366,0.26700000,1426851204,258.9212,282273
367,0.01200000,1426851204,258.8244,282272
368,0.01000000,1426851204,258.7309,282271
369,0.01100000,1426851204,258.6405,282270
370,1.05124648,1426848652,258.9973,282269
371,0.01800000,1426848652,258.8977,282268
372,0.01500000,1426848652,258.7989,282267
373,0.02000000,1426848652,258.7034,282266
374,0.02000000,1426848652,258.6111,282265
375,0.01100000,1426848652,258.5218,282264
376,0.01000000,1426848652,258.4355,282263
377,0.01100000,1426848652,258.3521,282262
378,0.57813937,1426848103,257.8645,282261
379,0.01100000,1426848082,257.8667,282260
380,0.01200000,1426847986,257.8829,282259
381,0.02100000,1426847390,257.9311,282258
382,0.01400000,1426847351,257.8688,282257
383,0.01400000,1426847322,257.8688,282256
384,0.01000000,1426846628,257.8667,282255
385,0.01000000,1426846607,257.8667,282254
386,0.06000000,1426846531,257.8645,282253
387,0.01200000,1426846126,257.9289,282252
388,0.01100000,1426845584,257.9289,282251
389,0.01200000,1426845544,257.9289,282250
390,0.01100000,1426845270,257.8645,282249
391,0.03366417,1426843694,255.9333,282248
392,0.01300000,1426843642,256.0355,282247
393,0.04000000,1426842465,256,282246
394,0.08000000,1426842420,256,282245
395,0.04000000,1426842407,256,282244
396,0.01200000,1426842405,255.9355,282243
397,0.55553615,1426842405,256,282242
398,1.00000000,1426842401,256.0001,282241
399,0.11677238,1426842345,257.9108,282240
400,0.04322762,1426842036,257.9108,282239
401,0.32000000,1426842036,257.9108,282238
402,0.37646914,1426842036,257.9108,282237
403,0.01400000,1426842036,257.9777,282236
404,0.01400000,1426841997,258.1001,282235
405,0.01500000,1426841997,258.1968,282234
406,0.01000000,1426841890,259.0667,282233
407,0.01163957,1426841890,259.134,282232
408,0.01000000,1426841890,259.193,282231
409,0.01100000,1426841890,259.2549,282230
410,0.01100000,1426841890,259.3129,282229
411,0.01000000,1426841890,259.3709,282228
412,0.01100000,1426841890,259.4289,282227
413,0.01300000,1426841890,259.4853,282226
414,0.01100000,1426841890,259.5433,282225
415,0.01100000,1426841367,259.5585,282224
416,0.01100000,1426840606,259.985,282223
417,0.01000000,1426840176,259.5585,282222
418,0.01200000,1426840007,259.5585,282221
419,0.00613253,1426831000,260.9034,282220
420,0.01000000,1426831000,259.9733,282219
421,0.00236043,1426829282,259.134,282218
422,0.00843723,1426829282,259.1991,282217
423,0.00356277,1426827633,259.1991,282216
424,0.01100000,1426827633,259.2559,282215
425,0.00670031,1426822191,261,282214
426,0.01100000,1426822075,260.9356,282213
427,0.14624818,1426819467,261,282212
428,0.72208815,1426819467,261,282211
429,0.01200000,1426819231,260.9967,282210
430,0.01300000,1426819199,260.9,282209
431,0.02500000,1426819190,261,282208
432,0.01600000,1426819167,260.9,282207
433,0.01600000,1426819167,260.8033,282206
434,0.47796934,1426818987,261,282205
435,0.14633077,1426818919,258.0001,282204
436,0.01891202,1426818919,258.0001,282203
437,0.01100000,1426818919,258.0639,282202
438,0.01300000,1426818919,258.1237,282201
439,0.01500000,1426818919,258.2164,282200
440,0.01100000,1426818919,258.3092,282199
441,0.01200000,1426818919,258.3989,282198
442,0.01000000,1426818919,258.4856,282197
443,0.30593869,1426817606,261,282196
444,0.06524904,1426816464,261,282195
445,0.01100000,1426816413,260.9041,282194
446,0.00375478,1426815961,261,282193
447,0.10860824,1426815961,260.999999,282192
448,0.01700001,1426815961,259.9719,282191
449,0.01100000,1426815961,259.9447,282190
450,0.00197000,1426815961,259.9184,282189
451,0.01100000,1426815961,259.8566,282188
452,0.26353086,1426814952,257.9108,282187
453,1.14279681,1426814952,257.9108,282186
454,0.01100000,1426814952,257.9777,282185
455,0.13720319,1426814552,257.9108,282184
456,0.19770207,1426814501,258,282183
457,0.01000000,1426814501,258.0317,282182
458,0.01200000,1426814501,258.1387,282181
459,0.01600000,1426814501,258.2007,282180
460,0.01100000,1426814501,259.0333,282179
461,0.01100000,1426814501,259.0655,282178
462,0.01500000,1426814501,259.0967,282177
463,0.01200000,1426814501,259.1268,282176
464,0.01000000,1426814501,259.1559,282175
465,0.50000000,1426814456,259.5,282174
466,0.01200000,1426813922,259.9045,282173
467,0.01000000,1426813604,259.5139,282172
468,0.01203000,1426813300,259.9184,282171
469,0.01000000,1426813171,259.9045,282170
470,0.17362771,1426812079,260,282169
471,0.11272136,1426812079,260,282168
472,0.04727864,1426811178,260,282167
473,0.08000000,1426811178,260,282166
474,0.04000000,1426811178,260,282165
475,0.64000000,1426811178,260,282164
476,0.05812136,1426811178,260,282163
477,0.01700001,1426811106,259.9667,282162
478,0.02813000,1426810654,260,282161
479,0.01900000,1426810654,259.94,282160
480,0.01300000,1426810654,259.882,282159
481,0.01600000,1426810257,259,282158
482,0.01000000,1426810257,259.55,282157
483,0.01000000,1426810257,259.5983,282156
484,0.01400000,1426810257,259.6117,282155
485,0.01100000,1426810253,259.6246,282154
486,0.01400000,1426810065,259.9871,282153
487,0.01600000,1426810000,259.9871,282152
488,0.01700001,1426809400,259.6117,282151
489,0.01100000,1426809168,259.6117,282150
490,0.01100000,1426809122,259.6117,282149
491,0.01600000,1426808956,259.6117,282148
492,0.01200000,1426808799,259.6117,282147
493,0.23374864,1426808663,260,282146
494,0.16000000,1426808650,260,282145
495,0.08000000,1426808634,260,282144
496,0.04000000,1426808622,260,282143
497,0.64000000,1426808598,260,282142
498,0.32000000,1426808584,260,282141
499,0.16000000,1426808571,260,282140
500,0.08000000,1426808558,260,282139
501,0.02600000,1426808544,260,282138
502,0.01400000,1426808544,260.0333,282137
503,0.00301291,1426808469,260,282136
504,0.01200000,1426808469,260.0322,282135
505,0.01930663,1426808365,260.999999,282134
506,0.00569337,1426808365,260.966699,282133
507,0.00630663,1426808330,260.966699,282132
508,0.01500000,1426808330,260.935599,282131
509,0.01369338,1426808330,260.905499,282130
510,0.00030662,1426808297,260.905499,282129
511,0.01200000,1426808297,260.876399,282128
512,0.03831421,1426807309,260,282127
513,0.06400000,1426807112,260,282126
514,0.01500000,1426807112,260.0333,282125
515,0.00100000,1426807112,260.0644,282124
516,0.01000000,1426807099,260.0644,282123
517,0.01500000,1426807099,260.0956,282122
518,0.01500000,1426807099,260.1257,282121
519,0.12849112,1426806425,260.999999,282120
520,0.17408238,1426806425,260.9999,282119
521,0.39881762,1426806370,260.9999,282118
522,0.42710000,1426806142,260.9999,282117
523,0.01100000,1426806142,260.9677,282116
524,0.01000000,1426806142,260.9376,282115
525,1.90560000,1426805037,260,282114
526,0.23537000,1426804547,260.9999,282113
527,0.01200000,1426804547,260.9166,282112
528,0.01700001,1426804547,260.836,282111
529,0.01100000,1426804547,259.989,282110
530,0.01000000,1426803953,258.5,282109
531,0.01984368,1426803186,259,282108
532,0.44170905,1426802834,259,282107
533,0.01100000,1426802816,260.901099,282106
534,0.70589929,1426802531,259,282105
535,0.04501607,1426802531,260.6841,282104
536,0.01400000,1426802408,260.989499,282103
537,0.01300000,1426802236,260.989499,282102
538,0.02978689,1426802050,260.999999,282101
539,0.01700001,1426801720,260.6946,282100
540,0.01400000,1426801596,260.6946,282099
541,0.09574712,1426801593,260.999999,282098
542,0.02300000,1426801593,260.967799,282097
543,0.01130000,1426801593,260.869899,282096
544,0.02300000,1426801593,260.775299,282095
545,0.01200000,1426801226,260.772299,282094
546,0.01859000,1426801217,260.6841,282093
547,0.01200000,1426800997,260.6871,282092
548,0.01300000,1426800993,260.684099,282091
549,0.00170000,1426800415,260.869899,282090
550,0.01000000,1426800415,260.775299,282089
551,0.01400000,1426799863,260,282088
552,0.01900000,1426799863,259.9344,282087
553,0.01800000,1426799863,259.9033,282086
554,0.01100000,1426799752,260.0333,282085
555,0.01203000,1426799331,260.999999,282084
556,0.01203000,1426799265,260.999999,282083
557,0.09400000,1426799229,260.999999,282082
558,0.01400000,1426799229,260.2177,282081
559,1.89061203,1426799199,258.9517,282080
560,0.01203000,1426799196,258.9517,282079
561,0.01403000,1426799191,258.9517,282078
562,0.01100000,1426799019,257.9517,282077
563,0.01000000,1426798981,256.4533,282076
564,0.02100000,1426798946,255.9333,282075
565,0.01700001,1426798946,255.4176,282074
566,0.01200000,1426798946,255.337,282073
567,0.01100000,1426798946,255.2924,282072
568,0.01100000,1426798946,255.2493,282071
569,0.01600000,1426798946,255.2077,282070
570,0.00497000,1426798946,255.1674,282069
571,0.00603000,1426798941,255.1674,282068
572,0.00600000,1426798941,255.1285,282067
573,0.02000000,1426798821,255.1285,282066
574,0.02200000,1426798777,255.1242,282065
575,0.01300000,1426797605,255.2827,282064
576,0.35354069,1426796618,255.501,282063
577,0.02000000,1426796618,253.9158,282062
578,0.01200000,1426796618,253.8946,282061
579,0.01400000,1426796618,253.8648,282060
580,0.01100000,1426796618,253.836,282059
581,0.01000000,1426795916,253.0957,282058
582,0.01100000,1426795916,253.1882,282057
583,0.01100000,1426795916,253.2776,282056
584,0.03200000,1426795916,253.28,282055
585,0.04000000,1426795903,253.28,282054
586,0.16000000,1426795879,253.28,282053
587,0.08000000,1426795866,253.28,282052
588,0.04000000,1426795850,253.28,282051
589,0.08000000,1426795716,253.28,282050
590,0.02900000,1426795703,253.28,282049
591,0.01100000,1426795703,253.304,282048
592,0.45770000,1426795196,253.999,282047
593,0.03900000,1426794771,253.28,282046
594,0.01000000,1426794771,253.354,282045
595,2.07433242,1426794743,254,282044
596,0.08000000,1426794741,254,282043
597,0.04000000,1426794728,254,282042
598,0.04000000,1426794715,254,282041
599,0.07200000,1426794659,254,282040
600,0.40000000,1426794477,255.1,282039
601,0.46000000,1426794456,256,282038
602,0.04000000,1426794447,256,282037
603,0.01530121,1426793898,256.5,282036
604,0.04000000,1426793875,256.5,282035
605,0.08000000,1426793852,256.5,282034
606,0.04000000,1426793839,256.5,282033
607,0.04000000,1426793796,256.5,282032
608,0.08000000,1426793582,256.5,282031
609,0.02900000,1426793567,256.5,282030
610,0.01100000,1426793567,256.55,282029
611,0.00200000,1426793064,257,282028
612,0.01100000,1426793064,257.0915,282027
613,0.01300000,1426793064,257.1878,282026
614,0.01400000,1426793064,257.2149,282025
615,0.51440523,1426792143,259.9805,282024
616,0.17269477,1426792143,259.9804,282023
617,0.00190000,1426792143,259.9689,282022
618,0.01100000,1426792143,259.8533,282021
619,0.02100000,1426792108,259.7415,282020
620,0.43825146,1426791310,257,282019
621,0.02212687,1426791307,257,282018
622,0.03962167,1426791307,257,282017
623,0.05549951,1426791207,257,282016
624,0.04450049,1426791207,258,282015
625,1.60347587,1426791118,258,282014
626,0.19766396,1426791118,258,282013
627,0.52186017,1426791118,258,282012
628,0.01500000,1426791118,258.0633,282011
629,0.01300000,1426791118,258.1225,282010
630,0.01400000,1426791118,258.184,282009
631,0.01100000,1426791118,258.2435,282008
632,0.01200000,1426791118,258.301,282007
633,0.01200000,1426791118,258.3566,282006
634,0.01010000,1426789941,259.9689,282005
635,0.01100000,1426789941,259.9388,282004
636,0.08000000,1426789855,259.9,282003
637,0.04000000,1426789842,259.9,282002
638,0.30459077,1426789817,259.9,282001
639,0.01200000,1426789817,259.8388,282000
640,0.33198741,1426788907,258,281999
641,0.27000886,1426788741,257.5,281998
642,0.01300000,1426788741,257.5636,281997
643,0.02200373,1426788741,257.62,281996
644,0.01200000,1426788741,257.6251,281995
645,0.01400000,1426788741,257.6845,281994
646,0.01100000,1426788741,257.755,281993
647,0.01900000,1426788741,257.8232,281992
648,0.01100000,1426788741,257.8891,281991
649,0.01400000,1426788741,257.9528,281990
650,0.01200000,1426788712,258.0144,281989
651,0.01400000,1426788712,258.0739,281988
652,0.01200000,1426788712,258.1295,281987
653,0.01100000,1426788712,258.1833,281986
654,0.01100000,1426788712,258.2372,281985
655,0.01100000,1426788712,258.396,281984
656,0.01100000,1426788712,259.0667,281983
657,2.68947182,1426788361,260,281982
658,2.56000000,1426788347,260,281981
659,1.28000000,1426788334,260,281980
660,0.64000000,1426788321,260,281979
661,0.32000000,1426788308,260,281978
662,0.16000000,1426788295,260,281977
663,0.06100000,1426788252,260.0002,281976
664,0.01515595,1426788226,260.0002,281975
665,4.00115988,1426788099,260,281974
666,0.16021710,1426788099,260.0002,281973
667,0.01100000,1426787965,261.1233,281972
668,0.00400002,1426787965,261.2424,281971
669,0.01299999,1426787941,261.2424,281970
670,0.01700001,1426787941,262.0637,281969
671,0.01000000,1426787941,262.1253,281968
672,0.31756749,1426786978,263.9124,281967
673,1.14000000,1426786386,263.9124,281966
674,3.41000000,1426786352,263.9124,281965
675,0.01976601,1426785761,263,281964
676,0.01484687,1426785753,266.982,281963
677,0.01715313,1426785753,265,281962
678,0.01100000,1426785753,264.8333,281961
679,0.01715313,1426785224,262,281960
680,0.67459834,1426785056,266.9885,281959
681,0.09100000,1426785056,266.5405,281958
682,0.04700514,1426785056,265,281957
683,0.13782918,1426785056,264,281956
684,0.10789719,1426785056,261,281955
685,0.01000000,1426785056,260.9356,281954
686,0.01100000,1426785056,260.8733,281953
687,0.01000000,1426785056,260.8131,281952
688,1.00000000,1426783541,261.0001,281951
689,0.10661455,1426783517,261,281950
690,0.50000000,1426783502,264,281949
691,0.30271649,1426783461,261,281948
692,0.30000000,1426783453,264,281947
693,0.10408139,1426783431,261,281946
694,0.20299486,1426783422,265,281945
695,2.00000000,1426783422,265,281944
696,0.09339497,1426783422,264.99,281943
697,0.10361017,1426783422,264,281942
698,0.42389610,1426783367,261,281941
699,0.10413082,1426783362,261,281940
700,0.31660503,1426783356,264.99,281939
701,0.20000000,1426783356,264.8,281938
702,1.00425071,1426783356,263,281937
703,0.27914426,1426783356,263,281936
704,0.02914426,1426782530,260,281935
705,0.02636131,1426782508,264,281934
706,0.15883856,1426782508,263.3816,281933
707,0.01400000,1426782508,263.132,281932
708,0.04540408,1426782508,263,281931
709,0.01000000,1426782508,260.7487,281930
710,0.01100000,1426782508,260.653,281929
711,0.08900000,1426782459,259.9999,281928
712,0.40000000,1426782454,259.99,281927
713,0.21578138,1426782448,259.8,281926
714,1.03061202,1426782380,259,281925
715,0.22678983,1426782372,259.8,281924
716,0.30057748,1426781206,259.7999,281923
717,0.00888252,1426781206,259.7425,281922
718,0.00211748,1426779735,259.7425,281921
719,0.01000000,1426779735,259.6869,281920
720,0.01024001,1426778146,258,281919
721,0.14689357,1426777758,259.6096,281918
722,0.01060643,1426777753,259.6096,281917
723,0.01100000,1426777751,259.5399,281916
724,0.01100000,1426777751,259.4724,281915
725,0.01300000,1426777751,259.4071,281914
726,0.01100000,1426777751,259.3497,281913
727,0.01100000,1426777751,259.2942,281912
728,0.06938805,1426776507,257.5,281911
729,0.01100000,1426776507,257.5143,281910
730,0.25154833,1426775696,259.31,281909
731,0.01300000,1426775525,259.5997,281908
732,0.01900000,1426775445,259.5997,281907
733,0.01200000,1426775196,259.32,281906
734,0.11873606,1426774997,259.31,281905
735,0.52871560,1426774980,259.31,281904
736,0.01600000,1426774913,259.32,281903
737,0.28000001,1426774858,259.31,281902
738,0.24290000,1426774745,258.9999,281901
739,0.01000000,1426774745,257.9086,281900
740,0.01000000,1426774745,257.7913,281899
741,0.01000000,1426774745,257.7653,281898
742,0.00100000,1426774745,257.7653,281897
743,0.01300000,1426774745,257.64,281896
744,0.01100000,1426774719,257.52,281895
745,0.02183593,1426774096,256,281894
746,0.01300000,1426774096,255.8711,281893
747,0.01000000,1426774096,255.7846,281892
748,0.01100000,1426774096,255.5871,281891
749,0.01100000,1426774096,255.5129,281890
750,0.01100000,1426774096,255.4461,281889
751,0.01582324,1426774096,255.1,281888
752,0.25000000,1426766636,253,281887
753,0.01800000,1426765695,254,281886
754,0.01500000,1426765695,253.9528,281885
755,0.01200000,1426765695,253.9072,281884
756,0.01200000,1426765695,253.8631,281883
757,0.01400000,1426764121,253.9528,281882
758,2.00000000,1426762257,252,281881
759,0.43169357,1426762116,252,281880
760,1.00000000,1426762116,252.0001,281879
761,0.01459083,1426762116,252.0667,281878
762,0.01000000,1426762116,252.1294,281877
763,0.52871560,1426762028,253,281876
764,0.01500000,1426762028,253.121,281875
765,0.72492330,1426761942,256.6301,281874
766,9.47500000,1426761874,256.6301,281873
767,0.01000000,1426761874,256.63,281872
768,0.01000000,1426761874,256.5622,281871
769,0.01100000,1426761874,253.9736,281870
770,0.01400000,1426761874,253.9481,281869
771,0.00040917,1426760998,252.0667,281868
772,0.01600000,1426760998,252.1978,281867
773,0.00759084,1426760998,253.126,281866
774,0.01100000,1426760998,253.2073,281865
775,0.01200000,1426760927,254.1063,281864
776,0.01173607,1426760927,254.5931,281863
777,0.01100000,1426760927,254.6587,281862
778,0.01551645,1426760927,254.7,281861
779,0.00126394,1426760310,254.5931,281860
780,0.07873606,1426760310,254.5931,281859
781,0.04000000,1426760297,254.5931,281858
782,0.00099999,1426760173,254.5931,281857
783,0.01000000,1426760173,254.76,281856
784,0.01200000,1426760173,256.043,281855
785,0.01700001,1426760173,256.0817,281854
786,0.48378521,1426759798,257.76,281853
787,0.32000000,1426759783,257.76,281852
788,0.16000000,1426759770,257.76,281851
789,0.04300000,1426759759,257.76,281850
790,0.08000000,1426759756,257.76,281849
791,0.04000000,1426759743,257.76,281848
792,0.01200000,1426759724,257.7651,281847
793,2.56000000,1426759718,257.76,281846
794,1.28000000,1426759703,257.76,281845
795,0.64000000,1426759691,257.76,281844
796,0.32000000,1426759677,257.76,281843
797,0.16000000,1426759664,257.76,281842
798,0.08000000,1426759651,257.76,281841
799,0.04000000,1426759636,257.76,281840
800,0.01000000,1426759590,257.7651,281839
801,0.01366197,1426759533,257.76,281838
802,0.01000000,1426759133,257.7653,281837
803,2.71880077,1426759078,257.01,281836
804,2.56377062,1426759074,257.01,281835
805,0.09708171,1426758761,257,281834
806,0.02600000,1426758477,256.05,281833
807,0.02600000,1426758411,256.05,281832
808,0.04614785,1426758101,257,281831
809,0.01300000,1426757975,254.67,281830
810,0.01300000,1426757975,254.738,281829
811,0.21857000,1426757717,254.49,281828
812,0.48000000,1426757695,257,281827
813,0.14731517,1426757359,257,281826
814,0.01700001,1426757359,256.9003,281825
815,0.01700001,1426757359,256.8076,281824
816,0.01300000,1426757359,256.727,281823
817,0.31741143,1426757066,254.32,281822
818,0.04402343,1426756132,256,281821
819,0.01000000,1426756132,255.905,281820
820,0.01200000,1426756132,255.8418,281819
821,0.01200000,1426756132,255.7807,281818
822,0.02600000,1426755552,254.01,281817
823,0.02513161,1426754533,254,281816
824,0.01000000,1426754454,254,281815
825,0.12912400,1426754261,256,281814
826,0.46039389,1426754261,255,281813
827,0.01600000,1426754261,254.967,281812
828,0.05050583,1426753301,257,281811
829,0.31322429,1426753297,257,281810
830,0.46440000,1426753288,256.9999,281809
831,0.00721184,1426753259,253.126,281808
832,0.01000000,1426753259,255.1001,281807
833,0.01200000,1426753259,255.1634,281806
834,0.01000000,1426753259,255.258,281805
835,0.01200000,1426753259,255.3464,281804
836,0.01200000,1426752936,255.4015,281803
837,0.09640000,1426752924,257,281802
838,0.33400001,1426751934,258,281801
839,0.07156187,1426750910,258,281800
840,0.05742879,1426750776,259.8,281799
841,0.09826000,1426750776,259.7999,281798
842,0.01100000,1426750776,256.8752,281797
843,0.01500000,1426750776,256.7502,281796
844,0.01100000,1426750776,255.9042,281795
845,0.00019732,1426750197,253.126,281794
846,0.01000000,1426750197,253.2551,281793
847,0.04700000,1426749695,253.0001,281792
848,0.01200000,1426749695,253.1261,281791
849,1.13284046,1426749432,257,281790
850,1.00000000,1426749432,256.9999,281789
851,0.43213882,1426749432,256,281788
852,0.17721573,1426749432,256,281787
853,0.13575857,1426749201,253.0002,281786
854,0.02200000,1426749201,254.1333,281785
855,0.80000000,1426748951,256.9999,281784
856,0.60935456,1426748874,257,281783
857,0.01690179,1426748697,255,281782
858,0.15600000,1426748646,256,281781
859,0.01000000,1426748646,254.9333,281780
860,0.01100000,1426748646,254.8731,281779
861,0.01200000,1426748646,254.8149,281778
862,0.01100000,1426748646,254.7586,281777
863,0.60600000,1426748362,251.0001,281776
864,0.04687092,1426748341,251.0001,281775
865,0.01100000,1426748269,253.9709,281774
866,0.01000000,1426748269,252.9035,281773
867,0.01200000,1426748001,250.8688,281772
868,0.01000000,1426748001,250.7421,281771
869,0.01200000,1426747460,248.9337,281770
870,0.00399902,1426747460,248.8719,281769
871,0.00492942,1426747435,248.8719,281768
872,0.03507058,1426747435,248.8,281767
873,0.01000000,1426746470,247.08,281766
874,0.00107156,1426746434,248.8719,281765
875,0.01000000,1426746434,248.8122,281764
876,0.08900000,1426743728,247.01,281763
877,0.01100000,1426743728,247.0667,281762
878,0.10000000,1426739949,250,281761
879,0.00202186,1426739335,245,281760
880,0.05000000,1426739335,245,281759
881,0.09500000,1426739335,248,281758
882,0.03027067,1426739335,249,281757
883,1.00000000,1426739335,249.0001,281756
884,0.09765952,1426739335,250,281755
885,0.01100000,1426739335,250.1047,281754
886,0.01400000,1426739335,250.198,281753
887,0.01000000,1426739335,250.2882,281752
888,0.79947574,1426737655,253,281751
889,0.55913340,1426737655,253,281750
890,0.95812000,1426737655,252.9999,281749
891,0.53287086,1426737655,252,281748
892,0.01100000,1426737655,251.9667,281747
893,0.01100000,1426737655,250.8667,281746
894,0.01200000,1426737655,250.7378,281745
895,0.01000000,1426737655,250.6465,281744
896,0.01200000,1426737655,250.4583,281743
897,0.01000000,1426737505,250.0153,281742
898,0.01100000,1426736961,250.0153,281741
899,0.00034048,1426736954,250,281740
900,0.01100000,1426736954,249.9667,281739
901,0.01100000,1426736954,249.9345,281738
902,0.17009069,1426736535,249,281737
903,0.05450931,1426736535,249,281736
904,0.13995952,1426735512,250,281735
905,0.05970000,1426735437,250,281734
906,0.01000000,1426735052,250.3775,281733
907,0.01698197,1426734834,250.3773,281732
908,0.08023904,1426733556,249,281731
909,0.01100000,1426732238,249.9333,281730
910,0.01000000,1426729906,245.0001,281729
911,0.08000000,1426728800,248,281728
912,0.04000000,1426728800,248,281727
913,0.00272191,1426727915,246.9667,281726
914,2.70479047,1426727794,246,281725
915,0.29520953,1426727794,246,281724
916,0.01027809,1426727753,246.9667,281723
917,0.05908667,1426727441,247,281722
918,0.04000000,1426727428,247,281721
919,0.00366272,1426727405,247,281720
920,0.01846930,1426727405,247.4809,281719
921,0.07786798,1426727405,248,281718
922,0.22000000,1426727405,248,281717
923,0.16000000,1426727392,248,281716
924,0.29135734,1426727383,250,281715
925,0.08000000,1426727379,248,281714
926,0.04000000,1426727366,248,281713
927,0.10000000,1426727360,249,281712
928,0.00031570,1426727335,250,281711
929,0.07936430,1426727233,250,281710
930,0.00063570,1426727233,250.1667,281709
931,0.00936430,1426727221,250.1667,281708
932,0.01000000,1426727221,250.2945,281707
933,0.02063570,1426727221,251.001,281706
934,0.01100000,1426727186,251.4865,281705
935,0.02000000,1426726645,252,281704
936,0.00300000,1426726645,252.0667,281703
937,0.00700000,1426726622,252.0667,281702
938,0.01200000,1426726622,252.1953,281701
939,0.01100000,1426726622,253.0644,281700
940,0.01000000,1426726622,253.1267,281699
941,0.00446095,1426724947,253,281698
942,0.07553905,1426724947,253,281697
943,0.04000000,1426724933,253,281696
944,0.04000000,1426724910,253,281695
945,0.08000000,1426724896,253,281694
946,0.04000000,1426724881,253,281693
947,3.81663604,1426724309,255.83,281692
948,0.01100000,1426724309,255.7046,281691
949,0.01100000,1426724309,255.5833,281690
950,0.01100000,1426724309,255.4661,281689
951,0.05415049,1426724309,253.1,281688
952,0.01000000,1426721843,253.1,281687
953,0.07800775,1426721612,256,281686
954,4.00000000,1426721007,256.3041,281685
955,3.00000000,1426720742,256.3041,281684
956,0.15466003,1426720647,256.3041,281683
957,0.75014000,1426720647,256.304,281682
958,0.29086275,1426720647,255,281681
959,0.03913725,1426720609,255,281680
960,0.23900000,1426720461,254.9999,281679
961,0.24800000,1426720358,254.9999,281678
962,0.01239910,1426718553,253.9999,281677
963,0.07827454,1426718344,254.9999,281676
964,0.19700661,1426717962,254,281675
965,0.09700000,1426717879,254.9999,281674
966,0.01100000,1426717879,253.9,281673
967,0.01000000,1426717879,253.8033,281672
968,0.01200000,1426717879,253.6765,281671
969,0.15244975,1426717416,251,281670
970,0.52013882,1426717416,251,281669
971,0.31741143,1426717416,251.0001,281668
972,0.15450000,1426716567,253,281667
973,0.50000000,1426716120,250.9332,281666
974,0.12101687,1426716077,250.9332,281665
975,0.01300000,1426716009,250.9332,281664
976,0.01200000,1426715505,249.9666,281663
977,0.01551749,1426715211,250.9999,281662
978,0.50000000,1426714955,249.4809,281661
979,0.70522677,1426714839,249,281660
980,0.50000000,1426714817,249,281659
981,0.01358706,1426714817,249,281658
982,0.02267765,1426714802,250,281657
983,0.01837045,1426714802,250,281656
984,0.02074580,1426714793,250,281655
985,0.42780000,1426714790,250,281654
986,1.26700000,1426714790,250,281653
987,0.02000000,1426714790,250,281652
988,0.20387128,1426714790,250,281651
989,0.04000000,1426714790,250,281650
990,0.50000000,1426714790,250,281649
991,0.50000000,1426714790,250,281648
992,0.01824300,1426714790,250,281647
993,0.10000000,1426714790,250,281646
994,0.08023904,1426714790,250,281645
995,0.50000000,1426714790,250,281644
996,0.21548800,1426714790,250,281643
997,0.04000000,1426714781,251.2101,281642
998,0.01062354,1426714775,251,281641
999,0.39686000,1426714772,251,281640
1000,2.00000000,1426714772,251.21,281639
1001,0.27735408,1426937418,257,282639
1002,0.01400000,1426937418,256.9816,282638
1003,1.00000000,1426937195,257.0001,282637
1004,0.01100000,1426937195,257.0256,282636
1005,0.01000000,1426933966,256.4471,282635
1006,0.01718963,1426932014,256.4,282634
1007,0.02200000,1426932014,256.4383,282633
1008,0.01700001,1426932014,256.4916,282632
1009,0.01700001,1426932014,256.5432,282631
1010,0.00600000,1426932014,256.593,282630
1011,0.01000000,1426930823,256.593,282629
1012,0.01100000,1426930823,256.6412,282628
1013,0.01300000,1426930823,256.6908,282627
1014,0.00600000,1426930823,256.7388,282626
1015,0.00600000,1426930800,256.7388,282625
1016,0.01000000,1426930800,256.7852,282624
1017,0.01200000,1426930800,256.83,282623
1018,0.01200000,1426930800,256.8733,282622
1019,1.01680361,1426929127,258.1299,282621
1020,0.01200000,1426928199,257.9918,282620
1021,0.23201900,1426926822,258.0384,282619
1022,0.77356703,1426926756,258.0384,282618
1023,0.02269560,1426926552,258.0384,282617
1024,0.01200000,1426926058,256.4392,282616
1025,0.01100000,1426926058,256.5455,282615
1026,0.08679090,1426926058,257,282614
1027,0.66800001,1426926058,257,282613
1028,0.08476693,1426926058,257,282612
1029,0.04000000,1426926037,257,282611
1030,0.04000000,1426926023,257,282610
1031,0.01100000,1426926016,257.9698,282609
1032,0.01800000,1426926016,257.9171,282608
1033,0.01500000,1426926016,257.8662,282607
1034,0.02300000,1426926016,257.8222,282606
1035,0.01800000,1426926016,257.7796,282605
1036,0.01400000,1426926016,257.7386,282604
1037,0.01100000,1426926016,257.714,282603
1038,0.01700001,1426926016,257.6752,282602
1039,0.01000000,1426926016,257.6527,282601
1040,0.01200000,1426926016,257.6309,282600
1041,0.01300000,1426926016,257.6099,282599
1042,0.01700001,1426926016,257.5896,282598
1043,0.01200000,1426926016,257.5699,282597
1044,0.01500000,1426926016,257.5509,282596
1045,0.01300000,1426925519,257.5509,282595
1046,0.05517490,1426920544,256.39,282594
1047,0.02235903,1426920520,256.39,282593
1048,0.01000000,1426920285,257.0705,282592
1049,0.01100000,1426920285,257.0475,282591
1050,0.00176469,1426920019,256.3602,282590
1051,0.01100000,1426920019,256.3795,282589
1052,0.01300000,1426920019,256.4018,282588
1053,0.02500000,1426919770,257.0943,282587
1054,0.59805447,1426919636,257,282586
1055,0.55120644,1426919537,256.9999,282585
1056,0.01300000,1426919537,256.9787,282584
1057,0.01700001,1426919537,256.9581,282583
1058,0.03300000,1426919537,256.9382,282582
1059,0.50000000,1426918825,257,282581
1060,0.29469276,1426918825,257,282580
1061,0.01100000,1426918825,257.0453,282579
1062,0.02000000,1426918825,257.0936,282578
1063,0.20000000,1426918650,258,282577
1064,0.02300000,1426918650,258.0155,282576
1065,0.01000000,1426918616,259.3953,282575
1066,0.01900000,1426918616,259.463,282574
1067,0.01100000,1426918616,259.521,282573
1068,0.03752882,1426918616,259.5457,282572
1069,0.01300000,1426918616,259.608,282571
1070,0.02000000,1426918616,259.6645,282570
1071,0.01000000,1426918616,259.71,282569
1072,0.01200000,1426918616,259.7958,282568
1073,0.01300000,1426918616,259.8441,282567
1074,0.01200000,1426918616,259.9021,282566
1075,0.01000000,1426918616,259.9408,282565
1076,0.01400000,1426918616,259.9794,282564
1077,0.01113138,1426918600,260,282563
1078,0.01200000,1426918600,260.0181,282562
1079,0.01100000,1426918600,260.0761,282561
1080,0.02000000,1426918600,260.1148,282560
1081,0.01500000,1426918600,260.1438,282559
1082,0.02200000,1426918600,260.1728,282558
1083,0.01300000,1426918600,260.2018,282557
1084,0.01600000,1426918600,260.2308,282556
1085,0.01400000,1426918600,260.2598,282555
1086,0.01200000,1426918600,260.2888,282554
1087,0.01300000,1426918600,260.3178,282553
1088,0.01200000,1426918600,260.3784,282552
1089,3.08570636,1426918600,260.39,282551
1090,0.12699241,1426918591,260.39,282550
1091,0.05987000,1426918578,260.39,282549
1092,0.01900750,1426918499,260.39,282548
1093,0.08583443,1426918200,260.39,282547
1094,0.01197000,1426918082,260.39,282546
1095,0.06685457,1426917849,260.39,282545
1096,0.11119695,1426917466,260.39,282544
1097,0.07377275,1426917432,260.39,282543
1098,0.01000000,1426917421,260.4074,282542
1099,0.01100000,1426916818,260.4074,282541
1100,0.02610202,1426916113,260.39,282540
1101,0.01200000,1426915718,260.4074,282539
1102,0.01000000,1426915188,260.4074,282538
1103,0.01100000,1426914563,260.4074,282537
1104,0.01895011,1426914480,260.39,282536
1105,0.01300000,1426914021,260.4074,282535
1106,0.01100000,1426913820,260.4074,282534
1107,0.01200000,1426913495,260.4074,282533
1108,0.03046526,1426913474,260.39,282532
1109,0.02305601,1426913406,260.39,282531
1110,0.01000000,1426913380,260.4074,282530
1111,0.02186807,1426913246,260.39,282529
1112,0.01300000,1426912776,260.4074,282528
1113,0.01300000,1426912308,260.4074,282527
1114,0.01549838,1426912178,260.39,282526
1115,0.01300000,1426912017,260.4074,282525
1116,0.01077415,1426911119,260.36,282524
1117,0.01409867,1426911108,260.36,282523
1118,0.01295254,1426910973,260.36,282522
1119,0.00050000,1426910816,260.9112,282521
1120,0.01000000,1426910816,260.8698,282520
1121,0.01000000,1426910816,260.8328,282519
1122,0.08000000,1426909823,260.36,282518
1123,0.04000000,1426909809,260.36,282517
1124,0.32000000,1426909786,260.36,282516
1125,0.16000000,1426909771,260.36,282515
1126,0.08000000,1426909759,260.36,282514
1127,0.04000000,1426909745,260.36,282513
1128,0.01200000,1426909618,260.3758,282512
1129,0.01300000,1426909118,260.3758,282511
1130,0.04000000,1426908543,260.36,282510
1131,0.16000000,1426907361,260.36,282509
1132,0.08000000,1426907348,260.36,282508
1133,0.04000000,1426907336,260.36,282507
1134,0.01100000,1426907218,260.3468,282506
1135,0.08000000,1426905581,260.27,282505
1136,0.04000000,1426905567,260.27,282504
1137,0.03743132,1426903963,260.09,282503
1138,0.05800000,1426903953,260.09,282502
1139,0.01600000,1426903168,260.0638,282501
1140,0.01400000,1426903017,260.0444,282500
1141,0.01700001,1426902702,260.0444,282499
1142,0.10000000,1426902233,260.463,282498
1143,0.04000000,1426901916,260.03,282497
1144,0.04000000,1426901893,260.03,282496
1145,0.59778498,1426901878,260.03,282495
1146,0.08000000,1426901868,260.03,282494
1147,0.04000000,1426901854,260.03,282493
1148,0.08000000,1426901829,260.03,282492
1149,0.04000000,1426901814,260.03,282491
1150,0.01700001,1426900019,259.855,282490
1151,0.02095785,1426899758,260,282489
1152,0.08000000,1426899453,259.85,282488
1153,0.04000000,1426899440,259.85,282487
1154,0.60000000,1426899050,259.81,282486
1155,0.01100000,1426898816,259.768,282485
1156,0.04000000,1426898681,259.76,282484
1157,0.04000000,1426898658,259.76,282483
1158,0.01000000,1426898331,259.992,282482
1159,0.28796140,1426897919,260,282481
1160,0.01000000,1426897889,260,282480
1161,0.94100000,1426896983,260,282479
1162,0.07015000,1426896919,260,282478
1163,1.76181353,1426896339,259.67,282477
1164,0.00303000,1426895692,261,282476
1165,0.01100000,1426895692,260.951,282475
1166,0.01900000,1426895344,259.5747,282474
1167,0.01900000,1426894830,259.5457,282473
1168,0.29242307,1426894605,260,282472
1169,0.01000000,1426894161,259.47,282471
1170,0.01385167,1426893937,260,282470
1171,0.07443978,1426893150,261,282469
1172,0.00199694,1426893150,259.4106,282468
1173,0.01200306,1426893088,259.4106,282467
1174,0.01100000,1426893077,259.3424,282466
1175,0.01600000,1426893057,259.3302,282465
1176,0.01200000,1426893057,259.2464,282464
1177,0.01200000,1426893057,259.1623,282463
1178,0.01800000,1426893057,259.0602,282462
1179,0.01300000,1426893057,258.9615,282461
1180,0.01000000,1426893057,258.8693,282460
1181,0.01400000,1426892951,258.786,282459
1182,0.01600000,1426892951,258.7108,282458
1183,0.01600000,1426892951,258.6381,282457
1184,0.01300000,1426892920,258.5678,282456
1185,0.01100000,1426892869,258.4998,282455
1186,0.02000000,1426892869,258.4341,282454
1187,0.01700001,1426892869,258.377,282453
1188,0.01200000,1426892869,258.3198,282452
1189,0.01600000,1426892869,258.2665,282451
1190,0.00730000,1426892869,258.215,282450
1191,0.01300000,1426892816,258.0555,282449
1192,0.01200000,1426892249,258.0362,282448
1193,0.00270000,1426892243,258.215,282447
1194,0.01700001,1426892243,258.1745,282446
1195,0.01200000,1426891833,258.0155,282445
1196,0.30523000,1426891621,258.174,282444
1197,0.01100000,1426891621,258.1374,282443
1198,0.01200000,1426891621,258.1021,282442
1199,0.01440380,1426891621,258.0679,282441
1200,0.01200000,1426891613,258.0119,282440
1201,0.01600000,1426891024,258.0119,282439
1202,0.01100000,1426890540,258.0119,282438
1203,0.01500000,1426890415,258.0119,282437
1204,0.00259621,1426889627,258.0679,282436
1205,0.01000000,1426889627,258.0335,282435
1206,0.01200000,1426889627,258.0002,282434
1207,0.01100000,1426889627,257.968,282433
1208,0.01700001,1426889627,257.938,282432
1209,0.01200000,1426889627,257.909,282431
1210,0.01100000,1426889627,257.8787,282430
1211,0.00197001,1426889627,257.8161,282429
1212,0.01702999,1426889185,257.8161,282428
1213,0.02100000,1426889185,257.7579,282427
1214,0.00197001,1426889185,257.7016,282426
1215,0.01302999,1426889161,257.7016,282425
1216,0.01100000,1426889161,257.6472,282424
1217,0.01597001,1426889161,257.5966,282423
1218,0.00103000,1426888065,257.5966,282422
1219,0.01100000,1426888065,257.5477,282421
1220,0.15098583,1426884446,256,282420
1221,1.16000000,1426884446,256.1,282419
1222,0.01300000,1426884446,256.1955,282418
1223,0.01300000,1426884446,256.2846,282417
1224,0.01600000,1426884446,256.3708,282416
1225,0.01300000,1426884446,256.4513,282415
1226,0.01100000,1426884446,256.5291,282414
1227,0.01000000,1426884446,256.6611,282413
1228,0.01200000,1426884446,256.7202,282412
1229,0.03498809,1426884446,257,282411
1230,0.52102608,1426884446,257,282410
1231,0.01200000,1426884446,257.0293,282409
1232,0.01800000,1426884446,257.0576,282408
1233,0.01500000,1426884446,257.085,282407
1234,0.01443617,1426883662,257,282406
1235,0.01000000,1426883662,257.0356,282405
1236,0.01300000,1426883662,257.0667,282404
1237,0.02290130,1426881712,257,282403
1238,0.01300000,1426881712,257.0391,282402
1239,0.01100000,1426881712,257.0769,282401
1240,0.01100000,1426881712,257.1099,282400
1241,0.01203000,1426880495,258.174,282399
1242,0.04674000,1426879999,258.174,282398
1243,0.01400000,1426879999,258.1255,282397
1244,0.01400000,1426879999,258.0787,282396
1245,0.01600000,1426879648,258.0761,282395
1246,0.01000000,1426879613,258.0761,282394
1247,0.12346856,1426878541,257,282393
1248,0.03778498,1426872378,256.1,282392
1249,0.01100000,1426872378,256.5655,282391
1250,0.01000000,1426872378,256.6288,282390
1251,0.01800000,1426872378,256.7245,282389
1252,0.01800000,1426871825,256.817,282388
1253,0.01300000,1426871825,256.898,282387
1254,0.03667056,1426870194,258,282386
1255,0.01400000,1426870194,258.028,282385
1256,0.01105100,1426870194,258.0776,282384
1257,0.01100000,1426870194,258.1255,282383
1258,0.01100000,1426870194,258.1718,282382
1259,0.00594901,1426869929,258.0776,282381
1260,0.01200000,1426869929,258.1255,282380
1261,0.01900000,1426869929,258.1718,282379
1262,0.01200000,1426868389,258.0364,282378
1263,0.04735179,1426867947,259,282377
1264,0.01000001,1426867944,259.0284,282376
1265,0.00199999,1426867921,259.0284,282375
1266,0.01400000,1426867921,259.0559,282374
1267,0.01700001,1426867921,259.0825,282373
1268,0.00700000,1426867921,259.1073,282372
1269,0.00500000,1426867898,259.1073,282371
1270,0.01000000,1426867898,259.1305,282370
1271,0.01300000,1426867898,259.1529,282369
1272,0.01200000,1426867898,259.221,282368
1273,12.65356815,1426867824,261.1951,282367
1274,0.01100000,1426867824,261.0859,282366
1275,0.01000000,1426867824,261.023,282365
1276,2.74458422,1426867824,261,282364
1277,0.52965137,1426867824,261,282363
1278,0.77091618,1426867824,261,282362
1279,0.55553615,1426867824,261,282361
1280,1.11511112,1426867824,261,282360
1281,0.30113200,1426867824,261,282359
1282,0.01200000,1426867824,260.9622,282358
1283,0.00486747,1426867824,260.9034,282357
1284,0.01000000,1426867824,260.8466,282356
1285,0.01000000,1426867824,260.7997,282355
1286,0.01100000,1426867824,260.758,282354
1287,0.01100000,1426867824,260.7177,282353
1288,0.01400000,1426867824,260.6786,282352
1289,0.01400000,1426867824,260.5959,282351
1290,0.13000000,1426867824,260,282350
1291,0.13492330,1426867824,259.9133,282349
1292,0.01900000,1426867824,259.8829,282348
1293,0.01900000,1426867824,259.8535,282347
1294,0.01800000,1426867824,259.8278,282346
1295,0.01200000,1426867824,259.8038,282345
1296,0.05264821,1426865182,259,282344
1297,0.01813000,1426865182,259.5,282343
1298,0.01100000,1426864721,259.8995,282342
1299,0.01300000,1426864608,259.8995,282341
1300,0.01500000,1426864198,259.9833,282340
1301,0.01000000,1426864009,259.5133,282339
1302,0.01600000,1426863561,259.5124,282338
1303,1.02333495,1426863497,259.8729,282337
1304,0.02300000,1426863407,259.5124,282336
1305,0.37000000,1426863343,259.87,282335
1306,0.05987000,1426863255,259.5,282334
1307,0.30300000,1426863200,259.8729,282333
1308,0.01200000,1426863200,259.8644,282332
1309,0.01200000,1426863200,259.7334,282331
1310,0.01100000,1426863200,259.6482,282330
1311,0.02300000,1426863200,259.563,282329
1312,0.01900000,1426863200,259.5218,282328
1313,0.01200000,1426863143,259.472,282327
1314,0.01800000,1426863090,259.4563,282326
1315,0.01300000,1426862990,259.4563,282325
1316,0.01200000,1426862807,259.0157,282324
1317,0.06674804,1426861743,259,282323
1318,0.00303000,1426861743,259.018,282322
1319,0.01600000,1426861662,259.505,282321
1320,0.01197000,1426861294,259.018,282320
1321,1.12600000,1426861263,259.5392,282319
1322,0.11535829,1426861221,259.5392,282318
1323,0.01300000,1426861191,259.0354,282317
1324,0.07262872,1426861168,259.5392,282316
1325,0.00197000,1426861123,259,282315
1326,0.01000000,1426861123,259.018,282314
1327,0.01300000,1426860620,259.5218,282313
1328,0.01236807,1426860372,259.5392,282312
1329,0.44600000,1426860272,259.5392,282311
1330,0.03845276,1426860142,259.5392,282310
1331,0.98875237,1426860123,259.5392,282309
1332,0.01100000,1426860123,259.442,282308
1333,0.04000000,1426860060,259,282307
1334,0.02100000,1426859961,259,282306
1335,0.02400000,1426859943,259.4273,282305
1336,0.10450000,1426859931,258.9999,282304
1337,0.01668196,1426859931,258.8389,282303
1338,0.00231804,1426859391,258.8389,282302
1339,0.01000000,1426859391,258.7475,282301
1340,0.01600000,1426859391,258.6726,282300
1341,0.01500000,1426859391,258.6002,282299
1342,0.01800000,1426859391,258.5302,282298
1343,0.01600000,1426859391,258.4659,282297
1344,0.02722687,1426857376,256.5,282296
1345,0.01200000,1426857376,256.57,282295
1346,0.01100000,1426857376,256.6377,282294
1347,0.13600001,1426856773,256,282293
1348,0.01100000,1426856735,256.0978,282292
1349,0.01528939,1426855637,255.9334,282291
1350,0.12480000,1426855637,255.94,282290
1351,0.01100000,1426855637,256.0139,282289
1352,0.01500000,1426855637,256.1073,282288
1353,0.01100000,1426855637,256.2011,282287
1354,0.01300000,1426855637,256.2918,282286
1355,0.01100000,1426855637,256.3794,282285
1356,0.01400000,1426855637,256.4641,282284
1357,0.01200000,1426855637,256.546,282283
1358,0.06000000,1426855637,256.55,282282
1359,0.01300000,1426855637,256.6561,282281
1360,0.00937061,1426855637,257.0911,282280
1361,0.00162939,1426855486,257.0911,282279
1362,0.01100000,1426855486,257.1792,282278
1363,0.26125000,1426853029,259.7331,282277
1364,3.15800000,1426851927,258.9213,282276
1365,0.01000000,1426851927,258.8337,282275
1366,0.01000000,1426851927,258.749,282274
1367,0.26700000,1426851204,258.9212,282273
1368,0.01200000,1426851204,258.8244,282272
1369,0.01000000,1426851204,258.7309,282271
1370,0.01100000,1426851204,258.6405,282270
1371,1.05124648,1426848652,258.9973,282269
1372,0.01800000,1426848652,258.8977,282268
1373,0.01500000,1426848652,258.7989,282267
1374,0.02000000,1426848652,258.7034,282266
1375,0.02000000,1426848652,258.6111,282265
1376,0.01100000,1426848652,258.5218,282264
1377,0.01000000,1426848652,258.4355,282263
1378,0.01100000,1426848652,258.3521,282262
1379,0.57813937,1426848103,257.8645,282261
1380,0.01100000,1426848082,257.8667,282260
1381,0.01200000,1426847986,257.8829,282259
1382,0.02100000,1426847390,257.9311,282258
1383,0.01400000,1426847351,257.8688,282257
1384,0.01400000,1426847322,257.8688,282256
1385,0.01000000,1426846628,257.8667,282255
1386,0.01000000,1426846607,257.8667,282254
1387,0.06000000,1426846531,257.8645,282253
1388,0.01200000,1426846126,257.9289,282252
1389,0.01100000,1426845584,257.9289,282251
1390,0.01200000,1426845544,257.9289,282250
1391,0.01100000,1426845270,257.8645,282249
1392,0.03366417,1426843694,255.9333,282248
1393,0.01300000,1426843642,256.0355,282247
1394,0.04000000,1426842465,256,282246
1395,0.08000000,1426842420,256,282245
1396,0.04000000,1426842407,256,282244
1397,0.01200000,1426842405,255.9355,282243
1398,0.55553615,1426842405,256,282242
1399,1.00000000,1426842401,256.0001,282241
1400,0.11677238,1426842345,257.9108,282240
1401,0.04322762,1426842036,257.9108,282239
1402,0.32000000,1426842036,257.9108,282238
1403,0.37646914,1426842036,257.9108,282237
1404,0.01400000,1426842036,257.9777,282236
1405,0.01400000,1426841997,258.1001,282235
1406,0.01500000,1426841997,258.1968,282234
1407,0.01000000,1426841890,259.0667,282233
1408,0.01163957,1426841890,259.134,282232
1409,0.01000000,1426841890,259.193,282231
1410,0.01100000,1426841890,259.2549,282230
1411,0.01100000,1426841890,259.3129,282229
1412,0.01000000,1426841890,259.3709,282228
1413,0.01100000,1426841890,259.4289,282227
1414,0.01300000,1426841890,259.4853,282226
1415,0.01100000,1426841890,259.5433,282225
1416,0.01100000,1426841367,259.5585,282224
1417,0.01100000,1426840606,259.985,282223
1418,0.01000000,1426840176,259.5585,282222
1419,0.01200000,1426840007,259.5585,282221
1420,0.00613253,1426831000,260.9034,282220
1421,0.01000000,1426831000,259.9733,282219
1422,0.00236043,1426829282,259.134,282218
1423,0.00843723,1426829282,259.1991,282217
1424,0.00356277,1426827633,259.1991,282216
1425,0.01100000,1426827633,259.2559,282215
1426,0.00670031,1426822191,261,282214
1427,0.01100000,1426822075,260.9356,282213
1428,0.14624818,1426819467,261,282212
1429,0.72208815,1426819467,261,282211
1430,0.01200000,1426819231,260.9967,282210
1431,0.01300000,1426819199,260.9,282209
1432,0.02500000,1426819190,261,282208
1433,0.01600000,1426819167,260.9,282207
1434,0.01600000,1426819167,260.8033,282206
1435,0.47796934,1426818987,261,282205
1436,0.14633077,1426818919,258.0001,282204
1437,0.01891202,1426818919,258.0001,282203
1438,0.01100000,1426818919,258.0639,282202
1439,0.01300000,1426818919,258.1237,282201
1440,0.01500000,1426818919,258.2164,282200
1441,0.01100000,1426818919,258.3092,282199
1442,0.01200000,1426818919,258.3989,282198
1443,0.01000000,1426818919,258.4856,282197
1444,0.30593869,1426817606,261,282196
1445,0.06524904,1426816464,261,282195
1446,0.01100000,1426816413,260.9041,282194
1447,0.00375478,1426815961,261,282193
1448,0.10860824,1426815961,260.999999,282192
1449,0.01700001,1426815961,259.9719,282191
1450,0.01100000,1426815961,259.9447,282190
1451,0.00197000,1426815961,259.9184,282189
1452,0.01100000,1426815961,259.8566,282188
1453,0.26353086,1426814952,257.9108,282187
1454,1.14279681,1426814952,257.9108,282186
1455,0.01100000,1426814952,257.9777,282185
1456,0.13720319,1426814552,257.9108,282184
1457,0.19770207,1426814501,258,282183
1458,0.01000000,1426814501,258.0317,282182
1459,0.01200000,1426814501,258.1387,282181
1460,0.01600000,1426814501,258.2007,282180
1461,0.01100000,1426814501,259.0333,282179
1462,0.01100000,1426814501,259.0655,282178
1463,0.01500000,1426814501,259.0967,282177
1464,0.01200000,1426814501,259.1268,282176
1465,0.01000000,1426814501,259.1559,282175
1466,0.50000000,1426814456,259.5,282174
1467,0.01200000,1426813922,259.9045,282173
1468,0.01000000,1426813604,259.5139,282172
1469,0.01203000,1426813300,259.9184,282171
1470,0.01000000,1426813171,259.9045,282170
1471,0.17362771,1426812079,260,282169
1472,0.11272136,1426812079,260,282168
1473,0.04727864,1426811178,260,282167
1474,0.08000000,1426811178,260,282166
1475,0.04000000,1426811178,260,282165
1476,0.64000000,1426811178,260,282164
1477,0.05812136,1426811178,260,282163
1478,0.01700001,1426811106,259.9667,282162
1479,0.02813000,1426810654,260,282161
1480,0.01900000,1426810654,259.94,282160
1481,0.01300000,1426810654,259.882,282159
1482,0.01600000,1426810257,259,282158
1483,0.01000000,1426810257,259.55,282157
1484,0.01000000,1426810257,259.5983,282156
1485,0.01400000,1426810257,259.6117,282155
1486,0.01100000,1426810253,259.6246,282154
1487,0.01400000,1426810065,259.9871,282153
1488,0.01600000,1426810000,259.9871,282152
1489,0.01700001,1426809400,259.6117,282151
1490,0.01100000,1426809168,259.6117,282150
1491,0.01100000,1426809122,259.6117,282149
1492,0.01600000,1426808956,259.6117,282148
1493,0.01200000,1426808799,259.6117,282147
1494,0.23374864,1426808663,260,282146
1495,0.16000000,1426808650,260,282145
1496,0.08000000,1426808634,260,282144
1497,0.04000000,1426808622,260,282143
1498,0.64000000,1426808598,260,282142
1499,0.32000000,1426808584,260,282141
1500,0.16000000,1426808571,260,282140
1501,0.08000000,1426808558,260,282139
1502,0.02600000,1426808544,260,282138
1503,0.01400000,1426808544,260.0333,282137
1504,0.00301291,1426808469,260,282136
1505,0.01200000,1426808469,260.0322,282135
1506,0.01930663,1426808365,260.999999,282134
1507,0.00569337,1426808365,260.966699,282133
1508,0.00630663,1426808330,260.966699,282132
1509,0.01500000,1426808330,260.935599,282131
1510,0.01369338,1426808330,260.905499,282130
1511,0.00030662,1426808297,260.905499,282129
1512,0.01200000,1426808297,260.876399,282128
1513,0.03831421,1426807309,260,282127
1514,0.06400000,1426807112,260,282126
1515,0.01500000,1426807112,260.0333,282125
1516,0.00100000,1426807112,260.0644,282124
1517,0.01000000,1426807099,260.0644,282123
1518,0.01500000,1426807099,260.0956,282122
1519,0.01500000,1426807099,260.1257,282121
1520,0.12849112,1426806425,260.999999,282120
1521,0.17408238,1426806425,260.9999,282119
1522,0.39881762,1426806370,260.9999,282118
1523,0.42710000,1426806142,260.9999,282117
1524,0.01100000,1426806142,260.9677,282116
1525,0.01000000,1426806142,260.9376,282115
1526,1.90560000,1426805037,260,282114
1527,0.23537000,1426804547,260.9999,282113
1528,0.01200000,1426804547,260.9166,282112
1529,0.01700001,1426804547,260.836,282111
1530,0.01100000,1426804547,259.989,282110
1531,0.01000000,1426803953,258.5,282109
1532,0.01984368,1426803186,259,282108
1533,0.44170905,1426802834,259,282107
1534,0.01100000,1426802816,260.901099,282106
1535,0.70589929,1426802531,259,282105
1536,0.04501607,1426802531,260.6841,282104
1537,0.01400000,1426802408,260.989499,282103
1538,0.01300000,1426802236,260.989499,282102
1539,0.02978689,1426802050,260.999999,282101
1540,0.01700001,1426801720,260.6946,282100
1541,0.01400000,1426801596,260.6946,282099
1542,0.09574712,1426801593,260.999999,282098
1543,0.02300000,1426801593,260.967799,282097
1544,0.01130000,1426801593,260.869899,282096
1545,0.02300000,1426801593,260.775299,282095
1546,0.01200000,1426801226,260.772299,282094
1547,0.01859000,1426801217,260.6841,282093
1548,0.01200000,1426800997,260.6871,282092
1549,0.01300000,1426800993,260.684099,282091
1550,0.00170000,1426800415,260.869899,282090
1551,0.01000000,1426800415,260.775299,282089
1552,0.01400000,1426799863,260,282088
1553,0.01900000,1426799863,259.9344,282087
1554,0.01800000,1426799863,259.9033,282086
1555,0.01100000,1426799752,260.0333,282085
1556,0.01203000,1426799331,260.999999,282084
1557,0.01203000,1426799265,260.999999,282083
1558,0.09400000,1426799229,260.999999,282082
1559,0.01400000,1426799229,260.2177,282081
1560,1.89061203,1426799199,258.9517,282080
1561,0.01203000,1426799196,258.9517,282079
1562,0.01403000,1426799191,258.9517,282078
1563,0.01100000,1426799019,257.9517,282077
1564,0.01000000,1426798981,256.4533,282076
1565,0.02100000,1426798946,255.9333,282075
1566,0.01700001,1426798946,255.4176,282074
1567,0.01200000,1426798946,255.337,282073
1568,0.01100000,1426798946,255.2924,282072
1569,0.01100000,1426798946,255.2493,282071
1570,0.01600000,1426798946,255.2077,282070
1571,0.00497000,1426798946,255.1674,282069
1572,0.00603000,1426798941,255.1674,282068
1573,0.00600000,1426798941,255.1285,282067
1574,0.02000000,1426798821,255.1285,282066
1575,0.02200000,1426798777,255.1242,282065
1576,0.01300000,1426797605,255.2827,282064
1577,0.35354069,1426796618,255.501,282063
1578,0.02000000,1426796618,253.9158,282062
1579,0.01200000,1426796618,253.8946,282061
1580,0.01400000,1426796618,253.8648,282060
1581,0.01100000,1426796618,253.836,282059
1582,0.01000000,1426795916,253.0957,282058
1583,0.01100000,1426795916,253.1882,282057
1584,0.01100000,1426795916,253.2776,282056
1585,0.03200000,1426795916,253.28,282055
1586,0.04000000,1426795903,253.28,282054
1587,0.16000000,1426795879,253.28,282053
1588,0.08000000,1426795866,253.28,282052
1589,0.04000000,1426795850,253.28,282051
1590,0.08000000,1426795716,253.28,282050
1591,0.02900000,1426795703,253.28,282049
1592,0.01100000,1426795703,253.304,282048
1593,0.45770000,1426795196,253.999,282047
1594,0.03900000,1426794771,253.28,282046
1595,0.01000000,1426794771,253.354,282045
1596,2.07433242,1426794743,254,282044
1597,0.08000000,1426794741,254,282043
1598,0.04000000,1426794728,254,282042
1599,0.04000000,1426794715,254,282041
1600,0.07200000,1426794659,254,282040
1601,0.40000000,1426794477,255.1,282039
1602,0.46000000,1426794456,256,282038
1603,0.04000000,1426794447,256,282037
1604,0.01530121,1426793898,256.5,282036
1605,0.04000000,1426793875,256.5,282035
1606,0.08000000,1426793852,256.5,282034
1607,0.04000000,1426793839,256.5,282033
1608,0.04000000,1426793796,256.5,282032
1609,0.08000000,1426793582,256.5,282031
1610,0.02900000,1426793567,256.5,282030
1611,0.01100000,1426793567,256.55,282029
1612,0.00200000,1426793064,257,282028
1613,0.01100000,1426793064,257.0915,282027
1614,0.01300000,1426793064,257.1878,282026
1615,0.01400000,1426793064,257.2149,282025
1616,0.51440523,1426792143,259.9805,282024
1617,0.17269477,1426792143,259.9804,282023
1618,0.00190000,1426792143,259.9689,282022
1619,0.01100000,1426792143,259.8533,282021
1620,0.02100000,1426792108,259.7415,282020
1621,0.43825146,1426791310,257,282019
1622,0.02212687,1426791307,257,282018
1623,0.03962167,1426791307,257,282017
1624,0.05549951,1426791207,257,282016
1625,0.04450049,1426791207,258,282015
1626,1.60347587,1426791118,258,282014
1627,0.19766396,1426791118,258,282013
1628,0.52186017,1426791118,258,282012
1629,0.01500000,1426791118,258.0633,282011
1630,0.01300000,1426791118,258.1225,282010
1631,0.01400000,1426791118,258.184,282009
1632,0.01100000,1426791118,258.2435,282008
1633,0.01200000,1426791118,258.301,282007
1634,0.01200000,1426791118,258.3566,282006
1635,0.01010000,1426789941,259.9689,282005
1636,0.01100000,1426789941,259.9388,282004
1637,0.08000000,1426789855,259.9,282003
1638,0.04000000,1426789842,259.9,282002
1639,0.30459077,1426789817,259.9,282001
1640,0.01200000,1426789817,259.8388,282000
1641,0.33198741,1426788907,258,281999
1642,0.27000886,1426788741,257.5,281998
1643,0.01300000,1426788741,257.5636,281997
1644,0.02200373,1426788741,257.62,281996
1645,0.01200000,1426788741,257.6251,281995
1646,0.01400000,1426788741,257.6845,281994
1647,0.01100000,1426788741,257.755,281993
1648,0.01900000,1426788741,257.8232,281992
1649,0.01100000,1426788741,257.8891,281991
1650,0.01400000,1426788741,257.9528,281990
1651,0.01200000,1426788712,258.0144,281989
1652,0.01400000,1426788712,258.0739,281988
1653,0.01200000,1426788712,258.1295,281987
1654,0.01100000,1426788712,258.1833,281986
1655,0.01100000,1426788712,258.2372,281985
1656,0.01100000,1426788712,258.396,281984
1657,0.01100000,1426788712,259.0667,281983
1658,2.68947182,1426788361,260,281982
1659,2.56000000,1426788347,260,281981
1660,1.28000000,1426788334,260,281980
1661,0.64000000,1426788321,260,281979
1662,0.32000000,1426788308,260,281978
1663,0.16000000,1426788295,260,281977
1664,0.06100000,1426788252,260.0002,281976
1665,0.01515595,1426788226,260.0002,281975
1666,4.00115988,1426788099,260,281974
1667,0.16021710,1426788099,260.0002,281973
1668,0.01100000,1426787965,261.1233,281972
1669,0.00400002,1426787965,261.2424,281971
1670,0.01299999,1426787941,261.2424,281970
1671,0.01700001,1426787941,262.0637,281969
1672,0.01000000,1426787941,262.1253,281968
1673,0.31756749,1426786978,263.9124,281967
1674,1.14000000,1426786386,263.9124,281966
1675,3.41000000,1426786352,263.9124,281965
1676,0.01976601,1426785761,263,281964
1677,0.01484687,1426785753,266.982,281963
1678,0.01715313,1426785753,265,281962
1679,0.01100000,1426785753,264.8333,281961
1680,0.01715313,1426785224,262,281960
1681,0.67459834,1426785056,266.9885,281959
1682,0.09100000,1426785056,266.5405,281958
1683,0.04700514,1426785056,265,281957
1684,0.13782918,1426785056,264,281956
1685,0.10789719,1426785056,261,281955
1686,0.01000000,1426785056,260.9356,281954
1687,0.01100000,1426785056,260.8733,281953
1688,0.01000000,1426785056,260.8131,281952
1689,1.00000000,1426783541,261.0001,281951
1690,0.10661455,1426783517,261,281950
1691,0.50000000,1426783502,264,281949
1692,0.30271649,1426783461,261,281948
1693,0.30000000,1426783453,264,281947
1694,0.10408139,1426783431,261,281946
1695,0.20299486,1426783422,265,281945
1696,2.00000000,1426783422,265,281944
1697,0.09339497,1426783422,264.99,281943
1698,0.10361017,1426783422,264,281942
1699,0.42389610,1426783367,261,281941
1700,0.10413082,1426783362,261,281940
1701,0.31660503,1426783356,264.99,281939
1702,0.20000000,1426783356,264.8,281938
1703,1.00425071,1426783356,263,281937
1704,0.27914426,1426783356,263,281936
1705,0.02914426,1426782530,260,281935
1706,0.02636131,1426782508,264,281934
1707,0.15883856,1426782508,263.3816,281933
1708,0.01400000,1426782508,263.132,281932
1709,0.04540408,1426782508,263,281931
1710,0.01000000,1426782508,260.7487,281930
1711,0.01100000,1426782508,260.653,281929
1712,0.08900000,1426782459,259.9999,281928
1713,0.40000000,1426782454,259.99,281927
1714,0.21578138,1426782448,259.8,281926
1715,1.03061202,1426782380,259,281925
1716,0.22678983,1426782372,259.8,281924
1717,0.30057748,1426781206,259.7999,281923
1718,0.00888252,1426781206,259.7425,281922
1719,0.00211748,1426779735,259.7425,281921
1720,0.01000000,1426779735,259.6869,281920
1721,0.01024001,1426778146,258,281919
1722,0.14689357,1426777758,259.6096,281918
1723,0.01060643,1426777753,259.6096,281917
1724,0.01100000,1426777751,259.5399,281916
1725,0.01100000,1426777751,259.4724,281915
1726,0.01300000,1426777751,259.4071,281914
1727,0.01100000,1426777751,259.3497,281913
1728,0.01100000,1426777751,259.2942,281912
1729,0.06938805,1426776507,257.5,281911
1730,0.01100000,1426776507,257.5143,281910
1731,0.25154833,1426775696,259.31,281909
1732,0.01300000,1426775525,259.5997,281908
1733,0.01900000,1426775445,259.5997,281907
1734,0.01200000,1426775196,259.32,281906
1735,0.11873606,1426774997,259.31,281905
1736,0.52871560,1426774980,259.31,281904
1737,0.01600000,1426774913,259.32,281903
1738,0.28000001,1426774858,259.31,281902
1739,0.24290000,1426774745,258.9999,281901
1740,0.01000000,1426774745,257.9086,281900
1741,0.01000000,1426774745,257.7913,281899
1742,0.01000000,1426774745,257.7653,281898
1743,0.00100000,1426774745,257.7653,281897
1744,0.01300000,1426774745,257.64,281896
1745,0.01100000,1426774719,257.52,281895
1746,0.02183593,1426774096,256,281894
1747,0.01300000,1426774096,255.8711,281893
1748,0.01000000,1426774096,255.7846,281892
1749,0.01100000,1426774096,255.5871,281891
1750,0.01100000,1426774096,255.5129,281890
1751,0.01100000,1426774096,255.4461,281889
1752,0.01582324,1426774096,255.1,281888
1753,0.25000000,1426766636,253,281887
1754,0.01800000,1426765695,254,281886
1755,0.01500000,1426765695,253.9528,281885
1756,0.01200000,1426765695,253.9072,281884
1757,0.01200000,1426765695,253.8631,281883
1758,0.01400000,1426764121,253.9528,281882
1759,2.00000000,1426762257,252,281881
1760,0.43169357,1426762116,252,281880
1761,1.00000000,1426762116,252.0001,281879
1762,0.01459083,1426762116,252.0667,281878
1763,0.01000000,1426762116,252.1294,281877
1764,0.52871560,1426762028,253,281876
1765,0.01500000,1426762028,253.121,281875
1766,0.72492330,1426761942,256.6301,281874
1767,9.47500000,1426761874,256.6301,281873
1768,0.01000000,1426761874,256.63,281872
1769,0.01000000,1426761874,256.5622,281871
1770,0.01100000,1426761874,253.9736,281870
1771,0.01400000,1426761874,253.9481,281869
1772,0.00040917,1426760998,252.0667,281868
1773,0.01600000,1426760998,252.1978,281867
1774,0.00759084,1426760998,253.126,281866
1775,0.01100000,1426760998,253.2073,281865
1776,0.01200000,1426760927,254.1063,281864
1777,0.01173607,1426760927,254.5931,281863
1778,0.01100000,1426760927,254.6587,281862
1779,0.01551645,1426760927,254.7,281861
1780,0.00126394,1426760310,254.5931,281860
1781,0.07873606,1426760310,254.5931,281859
1782,0.04000000,1426760297,254.5931,281858
1783,0.00099999,1426760173,254.5931,281857
1784,0.01000000,1426760173,254.76,281856
1785,0.01200000,1426760173,256.043,281855
1786,0.01700001,1426760173,256.0817,281854
1787,0.48378521,1426759798,257.76,281853
1788,0.32000000,1426759783,257.76,281852
1789,0.16000000,1426759770,257.76,281851
1790,0.04300000,1426759759,257.76,281850
1791,0.08000000,1426759756,257.76,281849
1792,0.04000000,1426759743,257.76,281848
1793,0.01200000,1426759724,257.7651,281847
1794,2.56000000,1426759718,257.76,281846
1795,1.28000000,1426759703,257.76,281845
1796,0.64000000,1426759691,257.76,281844
1797,0.32000000,1426759677,257.76,281843
1798,0.16000000,1426759664,257.76,281842
1799,0.08000000,1426759651,257.76,281841
1800,0.04000000,1426759636,257.76,281840
1801,0.01000000,1426759590,257.7651,281839
1802,0.01366197,1426759533,257.76,281838
1803,0.01000000,1426759133,257.7653,281837
1804,2.71880077,1426759078,257.01,281836
1805,2.56377062,1426759074,257.01,281835
1806,0.09708171,1426758761,257,281834
1807,0.02600000,1426758477,256.05,281833
1808,0.02600000,1426758411,256.05,281832
1809,0.04614785,1426758101,257,281831
1810,0.01300000,1426757975,254.67,281830
1811,0.01300000,1426757975,254.738,281829
1812,0.21857000,1426757717,254.49,281828
1813,0.48000000,1426757695,257,281827
1814,0.14731517,1426757359,257,281826
1815,0.01700001,1426757359,256.9003,281825
1816,0.01700001,1426757359,256.8076,281824
1817,0.01300000,1426757359,256.727,281823
1818,0.31741143,1426757066,254.32,281822
1819,0.04402343,1426756132,256,281821
1820,0.01000000,1426756132,255.905,281820
1821,0.01200000,1426756132,255.8418,281819
1822,0.01200000,1426756132,255.7807,281818
1823,0.02600000,1426755552,254.01,281817
1824,0.02513161,1426754533,254,281816
1825,0.01000000,1426754454,254,281815
1826,0.12912400,1426754261,256,281814
1827,0.46039389,1426754261,255,281813
1828,0.01600000,1426754261,254.967,281812
1829,0.05050583,1426753301,257,281811
1830,0.31322429,1426753297,257,281810
1831,0.46440000,1426753288,256.9999,281809
1832,0.00721184,1426753259,253.126,281808
1833,0.01000000,1426753259,255.1001,281807
1834,0.01200000,1426753259,255.1634,281806
1835,0.01000000,1426753259,255.258,281805
1836,0.01200000,1426753259,255.3464,281804
1837,0.01200000,1426752936,255.4015,281803
1838,0.09640000,1426752924,257,281802
1839,0.33400001,1426751934,258,281801
1840,0.07156187,1426750910,258,281800
1841,0.05742879,1426750776,259.8,281799
1842,0.09826000,1426750776,259.7999,281798
1843,0.01100000,1426750776,256.8752,281797
1844,0.01500000,1426750776,256.7502,281796
1845,0.01100000,1426750776,255.9042,281795
1846,0.00019732,1426750197,253.126,281794
1847,0.01000000,1426750197,253.2551,281793
1848,0.04700000,1426749695,253.0001,281792
1849,0.01200000,1426749695,253.1261,281791
1850,1.13284046,1426749432,257,281790
1851,1.00000000,1426749432,256.9999,281789
1852,0.43213882,1426749432,256,281788
1853,0.17721573,1426749432,256,281787
1854,0.13575857,1426749201,253.0002,281786
1855,0.02200000,1426749201,254.1333,281785
1856,0.80000000,1426748951,256.9999,281784
1857,0.60935456,1426748874,257,281783
1858,0.01690179,1426748697,255,281782
1859,0.15600000,1426748646,256,281781
1860,0.01000000,1426748646,254.9333,281780
1861,0.01100000,1426748646,254.8731,281779
1862,0.01200000,1426748646,254.8149,281778
1863,0.01100000,1426748646,254.7586,281777
1864,0.60600000,1426748362,251.0001,281776
1865,0.04687092,1426748341,251.0001,281775
1866,0.01100000,1426748269,253.9709,281774
1867,0.01000000,1426748269,252.9035,281773
1868,0.01200000,1426748001,250.8688,281772
1869,0.01000000,1426748001,250.7421,281771
1870,0.01200000,1426747460,248.9337,281770
1871,0.00399902,1426747460,248.8719,281769
1872,0.00492942,1426747435,248.8719,281768
1873,0.03507058,1426747435,248.8,281767
1874,0.01000000,1426746470,247.08,281766
1875,0.00107156,1426746434,248.8719,281765
1876,0.01000000,1426746434,248.8122,281764
1877,0.08900000,1426743728,247.01,281763
1878,0.01100000,1426743728,247.0667,281762
1879,0.10000000,1426739949,250,281761
1880,0.00202186,1426739335,245,281760
1881,0.05000000,1426739335,245,281759
1882,0.09500000,1426739335,248,281758
1883,0.03027067,1426739335,249,281757
1884,1.00000000,1426739335,249.0001,281756
1885,0.09765952,1426739335,250,281755
1886,0.01100000,1426739335,250.1047,281754
1887,0.01400000,1426739335,250.198,281753
1888,0.01000000,1426739335,250.2882,281752
1889,0.79947574,1426737655,253,281751
1890,0.55913340,1426737655,253,281750
1891,0.95812000,1426737655,252.9999,281749
1892,0.53287086,1426737655,252,281748
1893,0.01100000,1426737655,251.9667,281747
1894,0.01100000,1426737655,250.8667,281746
1895,0.01200000,1426737655,250.7378,281745
1896,0.01000000,1426737655,250.6465,281744
1897,0.01200000,1426737655,250.4583,281743
1898,0.01000000,1426737505,250.0153,281742
1899,0.01100000,1426736961,250.0153,281741
1900,0.00034048,1426736954,250,281740
1901,0.01100000,1426736954,249.9667,281739
1902,0.01100000,1426736954,249.9345,281738
1903,0.17009069,1426736535,249,281737
1904,0.05450931,1426736535,249,281736
1905,0.13995952,1426735512,250,281735
1906,0.05970000,1426735437,250,281734
1907,0.01000000,1426735052,250.3775,281733
1908,0.01698197,1426734834,250.3773,281732
1909,0.08023904,1426733556,249,281731
1910,0.01100000,1426732238,249.9333,281730
1911,0.01000000,1426729906,245.0001,281729
1912,0.08000000,1426728800,248,281728
1913,0.04000000,1426728800,248,281727
1914,0.00272191,1426727915,246.9667,281726
1915,2.70479047,1426727794,246,281725
1916,0.29520953,1426727794,246,281724
1917,0.01027809,1426727753,246.9667,281723
1918,0.05908667,1426727441,247,281722
1919,0.04000000,1426727428,247,281721
1920,0.00366272,1426727405,247,281720
1921,0.01846930,1426727405,247.4809,281719
1922,0.07786798,1426727405,248,281718
1923,0.22000000,1426727405,248,281717
1924,0.16000000,1426727392,248,281716
1925,0.29135734,1426727383,250,281715
1926,0.08000000,1426727379,248,281714
1927,0.04000000,1426727366,248,281713
1928,0.10000000,1426727360,249,281712
1929,0.00031570,1426727335,250,281711
1930,0.07936430,1426727233,250,281710
1931,0.00063570,1426727233,250.1667,281709
1932,0.00936430,1426727221,250.1667,281708
1933,0.01000000,1426727221,250.2945,281707
1934,0.02063570,1426727221,251.001,281706
1935,0.01100000,1426727186,251.4865,281705
1936,0.02000000,1426726645,252,281704
1937,0.00300000,1426726645,252.0667,281703
1938,0.00700000,1426726622,252.0667,281702
1939,0.01200000,1426726622,252.1953,281701
1940,0.01100000,1426726622,253.0644,281700
1941,0.01000000,1426726622,253.1267,281699
1942,0.00446095,1426724947,253,281698
1943,0.07553905,1426724947,253,281697
1944,0.04000000,1426724933,253,281696
1945,0.04000000,1426724910,253,281695
1946,0.08000000,1426724896,253,281694
1947,0.04000000,1426724881,253,281693
1948,3.81663604,1426724309,255.83,281692
1949,0.01100000,1426724309,255.7046,281691
1950,0.01100000,1426724309,255.5833,281690
1951,0.01100000,1426724309,255.4661,281689
1952,0.05415049,1426724309,253.1,281688
1953,0.01000000,1426721843,253.1,281687
1954,0.07800775,1426721612,256,281686
1955,4.00000000,1426721007,256.3041,281685
1956,3.00000000,1426720742,256.3041,281684
1957,0.15466003,1426720647,256.3041,281683
1958,0.75014000,1426720647,256.304,281682
1959,0.29086275,1426720647,255,281681
1960,0.03913725,1426720609,255,281680
1961,0.23900000,1426720461,254.9999,281679
1962,0.24800000,1426720358,254.9999,281678
1963,0.01239910,1426718553,253.9999,281677
1964,0.07827454,1426718344,254.9999,281676
1965,0.19700661,1426717962,254,281675
1966,0.09700000,1426717879,254.9999,281674
1967,0.01100000,1426717879,253.9,281673
1968,0.01000000,1426717879,253.8033,281672
1969,0.01200000,1426717879,253.6765,281671
1970,0.15244975,1426717416,251,281670
1971,0.52013882,1426717416,251,281669
1972,0.31741143,1426717416,251.0001,281668
1973,0.15450000,1426716567,253,281667
1974,0.50000000,1426716120,250.9332,281666
1975,0.12101687,1426716077,250.9332,281665
1976,0.01300000,1426716009,250.9332,281664
1977,0.01200000,1426715505,249.9666,281663
1978,0.01551749,1426715211,250.9999,281662
1979,0.50000000,1426714955,249.4809,281661
1980,0.70522677,1426714839,249,281660
1981,0.50000000,1426714817,249,281659
1982,0.01358706,1426714817,249,281658
1983,0.02267765,1426714802,250,281657
1984,0.01837045,1426714802,250,281656
1985,0.02074580,1426714793,250,281655
1986,0.42780000,1426714790,250,281654
1987,1.26700000,1426714790,250,281653
1988,0.02000000,1426714790,250,281652
1989,0.20387128,1426714790,250,281651
1990,0.04000000,1426714790,250,281650
1991,0.50000000,1426714790,250,281649
1992,0.50000000,1426714790,250,281648
1993,0.01824300,1426714790,250,281647
1994,0.10000000,1426714790,250,281646
1995,0.08023904,1426714790,250,281645
1996,0.50000000,1426714790,250,281644
1997,0.21548800,1426714790,250,281643
1998,0.04000000,1426714781,251.2101,281642
1999,0.01062354,1426714775,251,281641
2000,0.39686000,1426714772,251,281640
2001,2.00000000,1426714772,251.21,281639
2002,0.27735408,1426937418,257,282639
2003,0.01400000,1426937418,256.9816,282638
2004,1.00000000,1426937195,257.0001,282637
2005,0.01100000,1426937195,257.0256,282636
2006,0.01000000,1426933966,256.4471,282635
2007,0.01718963,1426932014,256.4,282634
2008,0.02200000,1426932014,256.4383,282633
2009,0.01700001,1426932014,256.4916,282632
2010,0.01700001,1426932014,256.5432,282631
2011,0.00600000,1426932014,256.593,282630
2012,0.01000000,1426930823,256.593,282629
2013,0.01100000,1426930823,256.6412,282628
2014,0.01300000,1426930823,256.6908,282627
2015,0.00600000,1426930823,256.7388,282626
2016,0.00600000,1426930800,256.7388,282625
2017,0.01000000,1426930800,256.7852,282624
2018,0.01200000,1426930800,256.83,282623
2019,0.01200000,1426930800,256.8733,282622
2020,1.01680361,1426929127,258.1299,282621
2021,0.01200000,1426928199,257.9918,282620
2022,0.23201900,1426926822,258.0384,282619
2023,0.77356703,1426926756,258.0384,282618
2024,0.02269560,1426926552,258.0384,282617
2025,0.01200000,1426926058,256.4392,282616
2026,0.01100000,1426926058,256.5455,282615
2027,0.08679090,1426926058,257,282614
2028,0.66800001,1426926058,257,282613
2029,0.08476693,1426926058,257,282612
2030,0.04000000,1426926037,257,282611
2031,0.04000000,1426926023,257,282610
2032,0.01100000,1426926016,257.9698,282609
2033,0.01800000,1426926016,257.9171,282608
2034,0.01500000,1426926016,257.8662,282607
2035,0.02300000,1426926016,257.8222,282606
2036,0.01800000,1426926016,257.7796,282605
2037,0.01400000,1426926016,257.7386,282604
2038,0.01100000,1426926016,257.714,282603
2039,0.01700001,1426926016,257.6752,282602
2040,0.01000000,1426926016,257.6527,282601
2041,0.01200000,1426926016,257.6309,282600
2042,0.01300000,1426926016,257.6099,282599
2043,0.01700001,1426926016,257.5896,282598
2044,0.01200000,1426926016,257.5699,282597
2045,0.01500000,1426926016,257.5509,282596
2046,0.01300000,1426925519,257.5509,282595
2047,0.05517490,1426920544,256.39,282594
2048,0.02235903,1426920520,256.39,282593
2049,0.01000000,1426920285,257.0705,282592
2050,0.01100000,1426920285,257.0475,282591
2051,0.00176469,1426920019,256.3602,282590
2052,0.01100000,1426920019,256.3795,282589
2053,0.01300000,1426920019,256.4018,282588
2054,0.02500000,1426919770,257.0943,282587
2055,0.59805447,1426919636,257,282586
2056,0.55120644,1426919537,256.9999,282585
2057,0.01300000,1426919537,256.9787,282584
2058,0.01700001,1426919537,256.9581,282583
2059,0.03300000,1426919537,256.9382,282582
2060,0.50000000,1426918825,257,282581
2061,0.29469276,1426918825,257,282580
2062,0.01100000,1426918825,257.0453,282579
2063,0.02000000,1426918825,257.0936,282578
2064,0.20000000,1426918650,258,282577
2065,0.02300000,1426918650,258.0155,282576
2066,0.01000000,1426918616,259.3953,282575
2067,0.01900000,1426918616,259.463,282574
2068,0.01100000,1426918616,259.521,282573
2069,0.03752882,1426918616,259.5457,282572
2070,0.01300000,1426918616,259.608,282571
2071,0.02000000,1426918616,259.6645,282570
2072,0.01000000,1426918616,259.71,282569
2073,0.01200000,1426918616,259.7958,282568
2074,0.01300000,1426918616,259.8441,282567
2075,0.01200000,1426918616,259.9021,282566
2076,0.01000000,1426918616,259.9408,282565
2077,0.01400000,1426918616,259.9794,282564
2078,0.01113138,1426918600,260,282563
2079,0.01200000,1426918600,260.0181,282562
2080,0.01100000,1426918600,260.0761,282561
2081,0.02000000,1426918600,260.1148,282560
2082,0.01500000,1426918600,260.1438,282559
2083,0.02200000,1426918600,260.1728,282558
2084,0.01300000,1426918600,260.2018,282557
2085,0.01600000,1426918600,260.2308,282556
2086,0.01400000,1426918600,260.2598,282555
2087,0.01200000,1426918600,260.2888,282554
2088,0.01300000,1426918600,260.3178,282553
2089,0.01200000,1426918600,260.3784,282552
2090,3.08570636,1426918600,260.39,282551
2091,0.12699241,1426918591,260.39,282550
2092,0.05987000,1426918578,260.39,282549
2093,0.01900750,1426918499,260.39,282548
2094,0.08583443,1426918200,260.39,282547
2095,0.01197000,1426918082,260.39,282546
2096,0.06685457,1426917849,260.39,282545
2097,0.11119695,1426917466,260.39,282544
2098,0.07377275,1426917432,260.39,282543
2099,0.01000000,1426917421,260.4074,282542
2100,0.01100000,1426916818,260.4074,282541
2101,0.02610202,1426916113,260.39,282540
2102,0.01200000,1426915718,260.4074,282539
2103,0.01000000,1426915188,260.4074,282538
2104,0.01100000,1426914563,260.4074,282537
2105,0.01895011,1426914480,260.39,282536
2106,0.01300000,1426914021,260.4074,282535
2107,0.01100000,1426913820,260.4074,282534
2108,0.01200000,1426913495,260.4074,282533
2109,0.03046526,1426913474,260.39,282532
2110,0.02305601,1426913406,260.39,282531
2111,0.01000000,1426913380,260.4074,282530
2112,0.02186807,1426913246,260.39,282529
2113,0.01300000,1426912776,260.4074,282528
2114,0.01300000,1426912308,260.4074,282527
2115,0.01549838,1426912178,260.39,282526
2116,0.01300000,1426912017,260.4074,282525
2117,0.01077415,1426911119,260.36,282524
2118,0.01409867,1426911108,260.36,282523
2119,0.01295254,1426910973,260.36,282522
2120,0.00050000,1426910816,260.9112,282521
2121,0.01000000,1426910816,260.8698,282520
2122,0.01000000,1426910816,260.8328,282519
2123,0.08000000,1426909823,260.36,282518
2124,0.04000000,1426909809,260.36,282517
2125,0.32000000,1426909786,260.36,282516
2126,0.16000000,1426909771,260.36,282515
2127,0.08000000,1426909759,260.36,282514
2128,0.04000000,1426909745,260.36,282513
2129,0.01200000,1426909618,260.3758,282512
2130,0.01300000,1426909118,260.3758,282511
2131,0.04000000,1426908543,260.36,282510
2132,0.16000000,1426907361,260.36,282509
2133,0.08000000,1426907348,260.36,282508
2134,0.04000000,1426907336,260.36,282507
2135,0.01100000,1426907218,260.3468,282506
2136,0.08000000,1426905581,260.27,282505
2137,0.04000000,1426905567,260.27,282504
2138,0.03743132,1426903963,260.09,282503
2139,0.05800000,1426903953,260.09,282502
2140,0.01600000,1426903168,260.0638,282501
2141,0.01400000,1426903017,260.0444,282500
2142,0.01700001,1426902702,260.0444,282499
2143,0.10000000,1426902233,260.463,282498
2144,0.04000000,1426901916,260.03,282497
2145,0.04000000,1426901893,260.03,282496
2146,0.59778498,1426901878,260.03,282495
2147,0.08000000,1426901868,260.03,282494
2148,0.04000000,1426901854,260.03,282493
2149,0.08000000,1426901829,260.03,282492
2150,0.04000000,1426901814,260.03,282491
2151,0.01700001,1426900019,259.855,282490
2152,0.02095785,1426899758,260,282489
2153,0.08000000,1426899453,259.85,282488
2154,0.04000000,1426899440,259.85,282487
2155,0.60000000,1426899050,259.81,282486
2156,0.01100000,1426898816,259.768,282485
2157,0.04000000,1426898681,259.76,282484
2158,0.04000000,1426898658,259.76,282483
2159,0.01000000,1426898331,259.992,282482
2160,0.28796140,1426897919,260,282481
2161,0.01000000,1426897889,260,282480
2162,0.94100000,1426896983,260,282479
2163,0.07015000,1426896919,260,282478
2164,1.76181353,1426896339,259.67,282477
2165,0.00303000,1426895692,261,282476
2166,0.01100000,1426895692,260.951,282475
2167,0.01900000,1426895344,259.5747,282474
2168,0.01900000,1426894830,259.5457,282473
2169,0.29242307,1426894605,260,282472
2170,0.01000000,1426894161,259.47,282471
2171,0.01385167,1426893937,260,282470
2172,0.07443978,1426893150,261,282469
2173,0.00199694,1426893150,259.4106,282468
2174,0.01200306,1426893088,259.4106,282467
2175,0.01100000,1426893077,259.3424,282466
2176,0.01600000,1426893057,259.3302,282465
2177,0.01200000,1426893057,259.2464,282464
2178,0.01200000,1426893057,259.1623,282463
2179,0.01800000,1426893057,259.0602,282462
2180,0.01300000,1426893057,258.9615,282461
2181,0.01000000,1426893057,258.8693,282460
2182,0.01400000,1426892951,258.786,282459
2183,0.01600000,1426892951,258.7108,282458
2184,0.01600000,1426892951,258.6381,282457
2185,0.01300000,1426892920,258.5678,282456
2186,0.01100000,1426892869,258.4998,282455
2187,0.02000000,1426892869,258.4341,282454
2188,0.01700001,1426892869,258.377,282453
2189,0.01200000,1426892869,258.3198,282452
2190,0.01600000,1426892869,258.2665,282451
2191,0.00730000,1426892869,258.215,282450
2192,0.01300000,1426892816,258.0555,282449
2193,0.01200000,1426892249,258.0362,282448
2194,0.00270000,1426892243,258.215,282447
2195,0.01700001,1426892243,258.1745,282446
2196,0.01200000,1426891833,258.0155,282445
2197,0.30523000,1426891621,258.174,282444
2198,0.01100000,1426891621,258.1374,282443
2199,0.01200000,1426891621,258.1021,282442
2200,0.01440380,1426891621,258.0679,282441
2201,0.01200000,1426891613,258.0119,282440
2202,0.01600000,1426891024,258.0119,282439
2203,0.01100000,1426890540,258.0119,282438
2204,0.01500000,1426890415,258.0119,282437
2205,0.00259621,1426889627,258.0679,282436
2206,0.01000000,1426889627,258.0335,282435
2207,0.01200000,1426889627,258.0002,282434
2208,0.01100000,1426889627,257.968,282433
2209,0.01700001,1426889627,257.938,282432
2210,0.01200000,1426889627,257.909,282431
2211,0.01100000,1426889627,257.8787,282430
2212,0.00197001,1426889627,257.8161,282429
2213,0.01702999,1426889185,257.8161,282428
2214,0.02100000,1426889185,257.7579,282427
2215,0.00197001,1426889185,257.7016,282426
2216,0.01302999,1426889161,257.7016,282425
2217,0.01100000,1426889161,257.6472,282424
2218,0.01597001,1426889161,257.5966,282423
2219,0.00103000,1426888065,257.5966,282422
2220,0.01100000,1426888065,257.5477,282421
2221,0.15098583,1426884446,256,282420
2222,1.16000000,1426884446,256.1,282419
2223,0.01300000,1426884446,256.1955,282418
2224,0.01300000,1426884446,256.2846,282417
2225,0.01600000,1426884446,256.3708,282416
2226,0.01300000,1426884446,256.4513,282415
2227,0.01100000,1426884446,256.5291,282414
2228,0.01000000,1426884446,256.6611,282413
2229,0.01200000,1426884446,256.7202,282412
2230,0.03498809,1426884446,257,282411
2231,0.52102608,1426884446,257,282410
2232,0.01200000,1426884446,257.0293,282409
2233,0.01800000,1426884446,257.0576,282408
2234,0.01500000,1426884446,257.085,282407
2235,0.01443617,1426883662,257,282406
2236,0.01000000,1426883662,257.0356,282405
2237,0.01300000,1426883662,257.0667,282404
2238,0.02290130,1426881712,257,282403
2239,0.01300000,1426881712,257.0391,282402
2240,0.01100000,1426881712,257.0769,282401
2241,0.01100000,1426881712,257.1099,282400
2242,0.01203000,1426880495,258.174,282399
2243,0.04674000,1426879999,258.174,282398
2244,0.01400000,1426879999,258.1255,282397
2245,0.01400000,1426879999,258.0787,282396
2246,0.01600000,1426879648,258.0761,282395
2247,0.01000000,1426879613,258.0761,282394
2248,0.12346856,1426878541,257,282393
2249,0.03778498,1426872378,256.1,282392
2250,0.01100000,1426872378,256.5655,282391
2251,0.01000000,1426872378,256.6288,282390
2252,0.01800000,1426872378,256.7245,282389
2253,0.01800000,1426871825,256.817,282388
2254,0.01300000,1426871825,256.898,282387
2255,0.03667056,1426870194,258,282386
2256,0.01400000,1426870194,258.028,282385
2257,0.01105100,1426870194,258.0776,282384
2258,0.01100000,1426870194,258.1255,282383
2259,0.01100000,1426870194,258.1718,282382
2260,0.00594901,1426869929,258.0776,282381
2261,0.01200000,1426869929,258.1255,282380
2262,0.01900000,1426869929,258.1718,282379
2263,0.01200000,1426868389,258.0364,282378
2264,0.04735179,1426867947,259,282377
2265,0.01000001,1426867944,259.0284,282376
2266,0.00199999,1426867921,259.0284,282375
2267,0.01400000,1426867921,259.0559,282374
2268,0.01700001,1426867921,259.0825,282373
2269,0.00700000,1426867921,259.1073,282372
2270,0.00500000,1426867898,259.1073,282371
2271,0.01000000,1426867898,259.1305,282370
2272,0.01300000,1426867898,259.1529,282369
2273,0.01200000,1426867898,259.221,282368
2274,12.65356815,1426867824,261.1951,282367
2275,0.01100000,1426867824,261.0859,282366
2276,0.01000000,1426867824,261.023,282365
2277,2.74458422,1426867824,261,282364
2278,0.52965137,1426867824,261,282363
2279,0.77091618,1426867824,261,282362
2280,0.55553615,1426867824,261,282361
2281,1.11511112,1426867824,261,282360
2282,0.30113200,1426867824,261,282359
2283,0.01200000,1426867824,260.9622,282358
2284,0.00486747,1426867824,260.9034,282357
2285,0.01000000,1426867824,260.8466,282356
2286,0.01000000,1426867824,260.7997,282355
2287,0.01100000,1426867824,260.758,282354
2288,0.01100000,1426867824,260.7177,282353
2289,0.01400000,1426867824,260.6786,282352
2290,0.01400000,1426867824,260.5959,282351
2291,0.13000000,1426867824,260,282350
2292,0.13492330,1426867824,259.9133,282349
2293,0.01900000,1426867824,259.8829,282348
2294,0.01900000,1426867824,259.8535,282347
2295,0.01800000,1426867824,259.8278,282346
2296,0.01200000,1426867824,259.8038,282345
2297,0.05264821,1426865182,259,282344
2298,0.01813000,1426865182,259.5,282343
2299,0.01100000,1426864721,259.8995,282342
2300,0.01300000,1426864608,259.8995,282341
2301,0.01500000,1426864198,259.9833,282340
2302,0.01000000,1426864009,259.5133,282339
2303,0.01600000,1426863561,259.5124,282338
2304,1.02333495,1426863497,259.8729,282337
2305,0.02300000,1426863407,259.5124,282336
2306,0.37000000,1426863343,259.87,282335
2307,0.05987000,1426863255,259.5,282334
2308,0.30300000,1426863200,259.8729,282333
2309,0.01200000,1426863200,259.8644,282332
2310,0.01200000,1426863200,259.7334,282331
2311,0.01100000,1426863200,259.6482,282330
2312,0.02300000,1426863200,259.563,282329
2313,0.01900000,1426863200,259.5218,282328
2314,0.01200000,1426863143,259.472,282327
2315,0.01800000,1426863090,259.4563,282326
2316,0.01300000,1426862990,259.4563,282325
2317,0.01200000,1426862807,259.0157,282324
2318,0.06674804,1426861743,259,282323
2319,0.00303000,1426861743,259.018,282322
2320,0.01600000,1426861662,259.505,282321
2321,0.01197000,1426861294,259.018,282320
2322,1.12600000,1426861263,259.5392,282319
2323,0.11535829,1426861221,259.5392,282318
2324,0.01300000,1426861191,259.0354,282317
2325,0.07262872,1426861168,259.5392,282316
2326,0.00197000,1426861123,259,282315
2327,0.01000000,1426861123,259.018,282314
2328,0.01300000,1426860620,259.5218,282313
2329,0.01236807,1426860372,259.5392,282312
2330,0.44600000,1426860272,259.5392,282311
2331,0.03845276,1426860142,259.5392,282310
2332,0.98875237,1426860123,259.5392,282309
2333,0.01100000,1426860123,259.442,282308
2334,0.04000000,1426860060,259,282307
2335,0.02100000,1426859961,259,282306
2336,0.02400000,1426859943,259.4273,282305
2337,0.10450000,1426859931,258.9999,282304
2338,0.01668196,1426859931,258.8389,282303
2339,0.00231804,1426859391,258.8389,282302
2340,0.01000000,1426859391,258.7475,282301
2341,0.01600000,1426859391,258.6726,282300
2342,0.01500000,1426859391,258.6002,282299
2343,0.01800000,1426859391,258.5302,282298
2344,0.01600000,1426859391,258.4659,282297
2345,0.02722687,1426857376,256.5,282296
2346,0.01200000,1426857376,256.57,282295
2347,0.01100000,1426857376,256.6377,282294
2348,0.13600001,1426856773,256,282293
2349,0.01100000,1426856735,256.0978,282292
2350,0.01528939,1426855637,255.9334,282291
2351,0.12480000,1426855637,255.94,282290
2352,0.01100000,1426855637,256.0139,282289
2353,0.01500000,1426855637,256.1073,282288
2354,0.01100000,1426855637,256.2011,282287
2355,0.01300000,1426855637,256.2918,282286
2356,0.01100000,1426855637,256.3794,282285
2357,0.01400000,1426855637,256.4641,282284
2358,0.01200000,1426855637,256.546,282283
2359,0.06000000,1426855637,256.55,282282
2360,0.01300000,1426855637,256.6561,282281
2361,0.00937061,1426855637,257.0911,282280
2362,0.00162939,1426855486,257.0911,282279
2363,0.01100000,1426855486,257.1792,282278
2364,0.26125000,1426853029,259.7331,282277
2365,3.15800000,1426851927,258.9213,282276
2366,0.01000000,1426851927,258.8337,282275
2367,0.01000000,1426851927,258.749,282274
2368,0.26700000,1426851204,258.9212,282273
2369,0.01200000,1426851204,258.8244,282272
2370,0.01000000,1426851204,258.7309,282271
2371,0.01100000,1426851204,258.6405,282270
2372,1.05124648,1426848652,258.9973,282269
2373,0.01800000,1426848652,258.8977,282268
2374,0.01500000,1426848652,258.7989,282267
2375,0.02000000,1426848652,258.7034,282266
2376,0.02000000,1426848652,258.6111,282265
2377,0.01100000,1426848652,258.5218,282264
2378,0.01000000,1426848652,258.4355,282263
2379,0.01100000,1426848652,258.3521,282262
2380,0.57813937,1426848103,257.8645,282261
2381,0.01100000,1426848082,257.8667,282260
2382,0.01200000,1426847986,257.8829,282259
2383,0.02100000,1426847390,257.9311,282258
2384,0.01400000,1426847351,257.8688,282257
2385,0.01400000,1426847322,257.8688,282256
2386,0.01000000,1426846628,257.8667,282255
2387,0.01000000,1426846607,257.8667,282254
2388,0.06000000,1426846531,257.8645,282253
2389,0.01200000,1426846126,257.9289,282252
2390,0.01100000,1426845584,257.9289,282251
2391,0.01200000,1426845544,257.9289,282250
2392,0.01100000,1426845270,257.8645,282249
2393,0.03366417,1426843694,255.9333,282248
2394,0.01300000,1426843642,256.0355,282247
2395,0.04000000,1426842465,256,282246
2396,0.08000000,1426842420,256,282245
2397,0.04000000,1426842407,256,282244
2398,0.01200000,1426842405,255.9355,282243
2399,0.55553615,1426842405,256,282242
2400,1.00000000,1426842401,256.0001,282241
2401,0.11677238,1426842345,257.9108,282240
2402,0.04322762,1426842036,257.9108,282239
2403,0.32000000,1426842036,257.9108,282238
2404,0.37646914,1426842036,257.9108,282237
2405,0.01400000,1426842036,257.9777,282236
2406,0.01400000,1426841997,258.1001,282235
2407,0.01500000,1426841997,258.1968,282234
2408,0.01000000,1426841890,259.0667,282233
2409,0.01163957,1426841890,259.134,282232
2410,0.01000000,1426841890,259.193,282231
2411,0.01100000,1426841890,259.2549,282230
2412,0.01100000,1426841890,259.3129,282229
2413,0.01000000,1426841890,259.3709,282228
2414,0.01100000,1426841890,259.4289,282227
2415,0.01300000,1426841890,259.4853,282226
2416,0.01100000,1426841890,259.5433,282225
2417,0.01100000,1426841367,259.5585,282224
2418,0.01100000,1426840606,259.985,282223
2419,0.01000000,1426840176,259.5585,282222
2420,0.01200000,1426840007,259.5585,282221
2421,0.00613253,1426831000,260.9034,282220
2422,0.01000000,1426831000,259.9733,282219
2423,0.00236043,1426829282,259.134,282218
2424,0.00843723,1426829282,259.1991,282217
2425,0.00356277,1426827633,259.1991,282216
