,amount,date,pair,price,tid,trade_type
0,0.011,1426931755,btc_usd,253.823,53271579,ask
1,0.00004,1426931726,btc_usd,254.379,53271578,bid
2,0.01996,1426931726,btc_usd,254.378,53271577,bid
3,1.50468,1426931566,btc_usd,254.385,53271574,bid
4,0.01,1426931566,btc_usd,254.27,53271573,bid
5,0.0101,1426931566,btc_usd,254.244,53271572,bid
6,0.0101,1426931566,btc_usd,254.244,53271571,bid
7,0.01,1426931566,btc_usd,254.15,53271570,bid
8,0.0527946,1426931566,btc_usd,254.149,53271569,bid
9,0.01,1426931566,btc_usd,254.02,53271568,bid
10,0.010978,1426931566,btc_usd,253.808,53271567,bid
11,0.011,1426931566,btc_usd,253.545,53271566,bid
12,0.0101624,1426931566,btc_usd,253.544,53271565,bid
13,0.116458,1426931566,btc_usd,253.544,53271564,bid
14,0.0548417,1426931565,btc_usd,253.544,53271563,bid
15,0.01,1426931405,btc_usd,253.699,53271555,bid
16,0.0100192,1426931389,btc_usd,253.7,53271551,bid
17,0.0101,1426931389,btc_usd,253.7,53271550,bid
18,0.0298808,1426931389,btc_usd,253.085,53271549,bid
19,0.01,1426931389,btc_usd,253,53271548,bid
20,7.03916,1426931389,btc_usd,253,53271547,bid
21,4,1426931388,btc_usd,253,53271546,bid
22,1.91657,1426931382,btc_usd,253,53271544,bid
23,0.033,1426931380,btc_usd,253,53271542,bid
24,0.334,1426931379,btc_usd,253,53271541,bid
25,0.287,1426931378,btc_usd,253,53271540,bid
26,0.327,1426931377,btc_usd,253,53271539,bid
27,0.08585,1426931377,btc_usd,253,53271538,bid
28,0.031,1426931377,btc_usd,253,53271537,bid
29,0.03,1426931374,btc_usd,253,53271535,bid
30,0.923275,1426931370,btc_usd,253,53271533,bid
31,3.41158,1426931347,btc_usd,253,53271531,bid
32,0.1,1426931345,btc_usd,253,53271530,bid
33,0.02,1426931335,btc_usd,253,53271529,bid
34,0.032,1426931333,btc_usd,253,53271527,bid
35,1,1426931319,btc_usd,253,53271525,bid
36,2.008,1426931307,btc_usd,253,53271522,bid
37,5,1426931299,btc_usd,253,53271519,bid
38,1.38228,1426931291,btc_usd,253,53271518,bid
39,10.0245,1426931290,btc_usd,253,53271517,bid
40,6.24039,1426931287,btc_usd,253,53271516,bid
41,2.63395,1426931287,btc_usd,253,53271515,bid
42,0.0405,1426931287,btc_usd,252.999,53271514,bid
43,0.079,1426931284,btc_usd,253,53271513,bid
44,0.2063,1426931284,btc_usd,252.679,53271512,ask
45,2.008,1426931232,btc_usd,253,53271509,bid
46,15.3622,1426931215,btc_usd,253,53271506,bid
47,6.58382,1426931214,btc_usd,253,53271505,bid
48,2.42,1426931200,btc_usd,253,53271504,bid
49,0.19,1426931190,btc_usd,252.624,53271501,ask
50,0.02,1426931190,btc_usd,252.625,53271500,ask
51,2,1426931175,btc_usd,253,53271499,bid
52,0.084,1426931102,btc_usd,253,53271494,bid
53,0.408426,1426931088,btc_usd,251.99,53271493,ask
54,0.317365,1426931088,btc_usd,252.076,53271492,ask
55,0.630118,1426931088,btc_usd,252.076,53271491,ask
56,0.333,1426931088,btc_usd,252.277,53271490,ask
57,0.0110906,1426931088,btc_usd,252.638,53271489,ask
58,0.00978643,1426931026,btc_usd,253,53271488,bid
59,0.0102136,1426931026,btc_usd,252.998,53271487,bid
60,0.02,1426931023,btc_usd,252.077,53271483,ask
61,0.837825,1426931022,btc_usd,253,53271482,bid
62,0.059961,1426931022,btc_usd,252.999,53271481,bid
63,0.0102136,1426931022,btc_usd,252.998,53271480,bid
64,1.1,1426931022,btc_usd,252.811,53271479,bid
65,0.04,1426931020,btc_usd,252.811,53271478,bid
66,0.009,1426931018,btc_usd,252.077,53271477,ask
67,0.011,1426931018,btc_usd,252.518,53271476,ask
68,0.084,1426931013,btc_usd,252.076,53271475,ask
69,0.046,1426931013,btc_usd,252.277,53271474,ask
70,0.01,1426931012,btc_usd,252.277,53271473,ask
71,0.1,1426931008,btc_usd,252.277,53271472,ask
72,0.13,1426931003,btc_usd,252.277,53271471,ask
73,0.047,1426930998,btc_usd,252.277,53271470,ask
74,0.549,1426930998,btc_usd,252.478,53271469,ask
75,0.064,1426930998,btc_usd,252.811,53271468,ask
76,0.02,1426930991,btc_usd,252.811,53271466,ask
77,0.01,1426930985,btc_usd,252.811,53271465,ask
78,0.199882,1426930975,btc_usd,252.076,53271463,ask
79,0.854,1426930975,btc_usd,252.277,53271462,ask
80,0.0497133,1426930975,btc_usd,252.278,53271461,ask
81,0.396385,1426930975,btc_usd,252.28,53271460,ask
82,0.01002,1426930975,btc_usd,252.28,53271459,ask
83,0.155709,1426930921,btc_usd,252.28,53271454,bid
84,0.0110252,1426930921,btc_usd,252.28,53271453,bid
85,0.0358687,1426930921,btc_usd,252.28,53271452,bid
86,0.0113697,1426930921,btc_usd,252.28,53271451,bid
87,0.0147608,1426930921,btc_usd,252.28,53271450,bid
88,0.01,1426930921,btc_usd,252.277,53271449,ask
89,0.0620722,1426930921,btc_usd,252.28,53271448,bid
90,0.0183714,1426930921,btc_usd,252.28,53271447,bid
91,0.0183383,1426930921,btc_usd,252.28,53271446,bid
92,0.0197222,1426930921,btc_usd,252.28,53271445,bid
93,0.740714,1426930921,btc_usd,252.28,53271444,bid
94,0.0250411,1426930921,btc_usd,252.28,53271443,bid
95,0.288581,1426930921,btc_usd,252.28,53271442,bid
96,0.0538484,1426930921,btc_usd,252.28,53271441,bid
97,0.120299,1426930921,btc_usd,252.28,53271440,bid
98,0.0106487,1426930921,btc_usd,252.28,53271439,bid
99,0.014134,1426930921,btc_usd,252.28,53271438,bid
100,0.0589484,1426930921,btc_usd,252.28,53271437,bid
101,0.069293,1426930921,btc_usd,252.28,53271436,bid
102,1.19669,1426930921,btc_usd,252.28,53271435,bid
103,0.0386167,1426930921,btc_usd,252.28,53271434,bid
104,2.94926,1426930915,btc_usd,253,53271433,bid
105,0.0405,1426930915,btc_usd,252.999,53271432,bid
106,0.0102418,1426930915,btc_usd,252.999,53271431,bid
107,8.52516,1426930854,btc_usd,253,53271420,bid
108,4.28948,1426930854,btc_usd,252.934,53271419,bid
109,0.01,1426930852,btc_usd,251.988,53271415,ask
110,0.39654,1426930851,btc_usd,252.934,53271414,bid
111,0.01996,1426930848,btc_usd,251.987,53271413,ask
112,8.7E-7,1426930846,btc_usd,251.987,53271410,bid
113,1.60515,1426930846,btc_usd,251.987,53271409,bid
114,0.0408721,1426930846,btc_usd,251.987,53271408,bid
115,0.0130649,1426930846,btc_usd,251.987,53271407,bid
116,0.0164337,1426930846,btc_usd,251.987,53271406,bid
117,0.331145,1426930846,btc_usd,251.987,53271405,bid
118,0.0291659,1426930846,btc_usd,251.987,53271404,bid
119,0.0151403,1426930846,btc_usd,251.987,53271403,bid
120,0.0143392,1426930846,btc_usd,251.987,53271402,bid
121,0.132669,1426930846,btc_usd,251.987,53271401,bid
122,0.0175912,1426930846,btc_usd,251.987,53271400,bid
123,0.0173763,1426930846,btc_usd,251.987,53271399,bid
124,0.0136504,1426930846,btc_usd,251.987,53271398,bid
125,0.160697,1426930846,btc_usd,251.987,53271397,bid
126,0.449517,1426930846,btc_usd,251.987,53271396,bid
127,0.0211583,1426930846,btc_usd,251.987,53271395,bid
128,0.0164938,1426930846,btc_usd,251.987,53271394,bid
129,0.0252277,1426930846,btc_usd,251.987,53271393,bid
130,0.0141455,1426930846,btc_usd,251.987,53271392,bid
131,0.075809,1426930846,btc_usd,251.987,53271390,bid
132,0.0227682,1426930846,btc_usd,251.987,53271389,bid
133,0.135455,1426930846,btc_usd,251.987,53271388,bid
134,0.0124056,1426930846,btc_usd,251.987,53271387,bid
135,0.0256897,1426930846,btc_usd,251.987,53271386,bid
136,0.013827,1426930846,btc_usd,251.987,53271385,bid
137,0.0202215,1426930846,btc_usd,251.987,53271384,bid
138,0.023338,1426930846,btc_usd,251.987,53271383,bid
139,0.0149163,1426930846,btc_usd,251.987,53271382,bid
140,0.0968529,1426930846,btc_usd,251.987,53271381,bid
141,0.0671707,1426930846,btc_usd,251.987,53271380,bid
142,0.225706,1426930846,btc_usd,251.987,53271379,bid
143,0.0189921,1426930846,btc_usd,251.987,53271378,bid
144,0.0393424,1426930846,btc_usd,251.987,53271377,bid
145,0.0256075,1426930846,btc_usd,251.987,53271375,bid
146,0.0154949,1426930846,btc_usd,251.987,53271374,bid
147,0.0161793,1426930846,btc_usd,251.987,53271373,bid
148,0.015194,1426930846,btc_usd,251.987,53271372,bid
149,0.0246168,1426930846,btc_usd,251.987,53271371,bid
